2728 5186
1021 437 1102 512 283·
1195 497 1198 507 .

143 607 283 698 iptoribus
299 624 410 698 aliquot
427 629 490 684 aeri
503 613 649 688 inferioris
657 671 664 699 ,
686 645 744 702 qua
756 645 827 688 roca
841 597 964 685 utamur
979 629 1097 683 Domni.

146 705 515 782 ‚ro't.1.dsvirsMathitd.
533 721 628 776 comit.
649 737 674 778 c.
691 703 734 776 13.
776 719 842 772 Vita
856 717 1011 773 &Ioannis
1027 719 1097 796 'l'ra7
1190 701 1196 724 ⁸

147 801 293 869 auriensis
305 801 442 874 Episcopi
455 822 471 856 a
484 802 526 858 10.
539 805 629 860 Lucio
645 806 753 862 Romae
766 807 839 862 edita
847 847 855 876 ,
873 817 902 860 et
918 805 984 860 vita
999 805 1027 859 S.
1040 805 1097 860 An·

148 884 231 940 dreaa
246 887 280 940 de
295 886 471 942 Galerannis.
488 894 503 956 (
510 892 634 946 en.Add.
649 913 678 964 p.
688 894 763 958 598.)

118 969 295 1047 Gictqrno
323 973 351 1023 S·
376 973 533 1026 Ioannis
557 976 597 1028 de
621 979 751 1050 Petro]
786 977 1098 1048 AManueleImpera·

148 1067 211 1111 tore
227 1070 371 1130 extructa,
391 1071 423 1114 ut
444 1073 527 1114 autor
547 1074 589 1116 est
604 1061 760 1118 Cinnamus
775 1067 796 1120 1.
806 1066 831 1124 6.
868 1063 1098 1131 [HammerT.1.

147 1163 176 1215 Ρ·
193 1147 256 1200 560.
285 1139 340 1214 S.]
1088 1140 1091 1150 Ι

65 1266 68 1274 ,
118 1228 290 1318 cisterno
316 1231 568 1304 Pondepopti]
603 1236 647 1289 De
666 1234 721 1290 hac
740 1239 862 1294 cisterna
880 1238 965 1290 silent
981 1237 1100 1308 scripto·

145 1333 210 1386 res,
226 1317 312 1372 Aedis
327 1315 396 1372 tero
410 1321 442 1372 sir
458 1323 635 1374 Horrrno'nrs
656 1325 764 1377 mentio
785 1340 846 1375 non
861 1323 949 1376 sernel
966 1322 1099 1374 occurrit.

145 1401 191 1456 Ab
215 1403 299 1458 Anna
328 1403 466 1459 Ducaena
491 1405 589 1460 Alexii
614 1409 797 1480 Imperatoris
820 1421 909 1464 matre
936 1419 1101 1461 extructum

147 1487 240 1544 hocce
259 1485 466 1560 monasterium
481 1493 613 1548 scribunt
628 1494 755 1546 Zonaras
769 1506 797 1546 et
818 1491 938 1560 Glycera,
958 1505 987 1546 et
1004 1509 1101 1546 curua

147 1591 247 1630 rerum
265 1576 510 1632 administratione
522 1596 593 1652 vsese
613 1577 782 1646 abdicasset,
806 1579 839 1632 in
859 1579 933 1632 iliud
953 1581 1101 1632 secessisse

147 1661 250 1734 ibique
269 1650 417 1733 reliquum
441 1667 516 1717 vitae
535 1668 675 1736 exegisse.
714 1664 817 1735 Neque
839 1676 951 1718 tantum
971 1667 1101 1718 virorum

146 1745 218 1818 fuit,
238 1749 288 1820 sed
308 1762 336 1818 et
347 1748 533 1804 feminarum:
552 1753 584 1806 in
598 1751 674 1806 illud
686 1753 825 1820 relegatos
838 1750 1037 1804 Theodosium
1052 1749 1100 1804 Pa·

149 1835 304 1893 triarcitcm
317 1835 349 1891 C.
363 1835 394 1892 P.
405 1837 509 1892 Alexio
527 1837 671 1894 Manuelis
694 1838 758 1892 lilio
778 1840 937 1908 imperante
956 1850 984 1890 et
999 1835 1100 1908 Lapar-

149 1921 215 1986 dam
234 1923 401 1993 quemdam,
418 1927 470 1992 qui
485 1923 539 1976 sub
551 1923 718 1978 Andronico
734 1923 933 1994 Tyrannidem
945 1925 1101 1992 invaserat,

148 2008 249 2063 scribit
264 2009 381 2062 Niceros
395 2013 429 2063 in
441 2011 554 2064 Alexio.
575 2009 612 2064 N.
627 2011 653 2066 8.
676 2021 705 2064 et
726 2012 758 2062 in
770 2009 936 2062 Andronico
956 2009 977 2060 l.
988 2005 1013 2062 1.
1030 2007 1100 2063 N.1.

148 2096 201 2165 qui
212 2085 288 2148 illud
302 2097 406 2166 procul
419 2115 435 2148 a
445 2095 591 2168 Sophiana
602 2095 679 2150 Aede
691 2095 824 2148 dissitum
836 2093 925 2149 fuisse
939 2098 987 2147 ait.
1022 2094 1102 2149 Idem

146 2185 180 2238 in
195 2179 385 2253 Murnuphlo
406 2181 443 2236 N.
455 2183 483 2237 2.
502 2185 535 2236 in
556 2183 630 2240 colle
646 2181 826 2236 aedificatum
839 2179 934 2236 tradit.
967 2179 1102 2236 Meminit

148 2266 318 2323 Monasterii
336 2270 372 2326 tu*
394 2269 512 2338 σωτῆρος
533 2267 711 2324 Παντεπόπτε
730 2267 815 2338 Cpoli
838 2267 1022 2335 Pachymrm
1040 2269 1061 2320 1.
1074 2265 1101 2338 4,
1133 2253 1159 2320 ‚⁸

148 2354 225 2410 ars.
240 2365 268 2408 et
284 2354 433 2413 Bcsrnrion
452 2357 485 2406 in
501 2356 634 2424 opuscul.
650 2354 686 2409 de
698 2353 825 2412 Process.
839 2354 937 2428 Spirit.
949 2354 978 2408 S.
991 2353 1027 2408 ad
1036 2354 1101 2408 Ale·

147 2442 232 2494 xiurn
246 2438 389 2492 Lascarim
405 2433 606 2510 Philsnthrop.

114 2525 294 2577 'Claterna
313 2522 588 2593 Apostolorum]
621 2521 726 2578 Scribit
745 2523 853 2592 Gyllius
868 2523 922 2594 LA,
938 2529 995 2583 ol.
1015 2529 1101 2582 Aedis

149 2608 356 2680 Apostolorum
369 2609 451 2662 nulla
462 2621 567 2664 restare
581 2609 669 2663 hodie
683 2613 817 2678 uestigia,
834 2628 866 2664 ac
883 2623 920 2664 n'e
933 2611 1101 2668 fundamen·

148 2707 247 2750 torum
266 2692 398 2764 quidam,
424 2691 681 2762 tusisundamcnta
696 2696 831 2768 quosdam
852 2695 1007 2762 cisternas,
1031 2718 1102 2770 quaa

148 2798 253 2853 aquom
266 2777 467 2850 suppeditabat
480 2778 554 2830 Aedi
566 2778 761 2848 Apostolicae,
780 2781 811 2831 irs
830 2782 909 2832 cuius
931 2785 1039 2854 quidam
1058 2785 1102 2836 ei.

148 2865 335 2920 sternuente
352 2873 419 2916 runt
438 2864 563 2932 officinas
578 2873 607 2916 st
624 2864 759 2918 tabernas
776 2867 973 2936 prr'ppiorum
990 2870 1101 2920 circiter

148 2957 292 3008 moeniae·
325 2952 432 3006 Eadem
444 2951 517 3006 sorte
532 2969 598 3006 cum
610 2952 786 3016 Arcadiano,
805 2973 892 3024 quam
910 2959 941 3008 in
958 2957 995 3009 II.
1007 2961 1099 3027 regio·
1105 2984 1138 3048 p,
1149 2960 1220 3030 185,

82 3102 84 3106 ,
146 3061 188 3098 ne
209 3042 309 3096 statuit
327 3050 409 3104 yetus
428 3037 509 3094 urbis
529 3037 698 3110 descriptio,
722 3037 775 3094 ubi
794 3045 879 3096 etiam
899 3044 996 3096 extitit
1011 3043 1103 3100 Aedes

148 3128 365 3202 Apostolorum·
445 3147 449 3158 ¹

114 3219 293 3282 ,cisterna
326 3211 549 3282 Modumtti]
601 3209 675 3288 Quis
708 3212 761 3268 iste
788 3211 969 3270 Mabumetes
997 3213 1101 3288 suerit,

151 3301 232 3362 haud
244 3299 327 3357 facile
342 3311 386 3356 est
400 3299 544 3367 divinare,
561 3310 595 3352 ut
608 3311 636 3352 et
649 3317 706 3369 qua
719 3301 753 3352 in
770 3299 850 3354 urbis
866 3305 984 3370 regione
999 3301 1102 3357 Cister-

148 3397 187 3446 'na
200 3393 254 3444 ista
267 3389 410 3454 extiterit,
426 3388 479 3440 etsi
494 3383 642 3456 probabile
656 3397 698 3438 est
712 3388 766 3440 alia
778 3385 896 3440 fortasse
910 3388 1101 3457 appellatione

149 3478 292 3534 donatam.
326 3473 416 3539 Nam,
434 3490 521 3542 quarn
539 3475 678 3545 plurimas
699 3475 731 3526 in
753 3472 824 3528 urbe
845 3472 987 3526 Cisternas
1007 3488 1104 3526 recen·

151 3575 215 3619 sent
228 3563 388 3632 Scriptores
403 3557 574 3628 Byzantini,
593 3559 786 3628 Arcadianam,
803 3560 928 3632 Asparis,
944 3557 1105 3628 Basilicam,

150 3649 236 3716 Boni,
252 3646 405 3714 Frigidam,
425 3637 567 3700 Basilicae¹
580 3646 844 3716 1111„Msgnaurse,
862 3646 1026 3712 Maximam,
1041 3643 1104 3699 Mo·

150 3739 269 3802 certain,
286 3732 504 3792 Moderatum,
521 3733 715 3802 Philoxenon,
733 3733 853 3800 Phocae,
870 3731 1038 3786 Pulcheriae
1052 3748 1106 3786 teu

150 3822 242 3890 stati,
259 3820 500 3888 Theodosiacam,
519 3820 633 3888 Palatii,
651 3833 680 3875 et
693 3821 803 3890 aliquot
817 3819 894 3872 alias.

114 3907 271 3969 {Sancta
281 3905 429 3977 Sophia]
447 3907 570 3962 Praestat
581 3907 714 3962 hocloco
728 3907 919 3980 perstringere
932 3921 1006 3974 quae
1020 3901 1103 3958 Grae·

151 3997 179 4050 ci
193 3995 305 4066 aliquot
318 4008 347 4052 st
359 3995 454 4074 Latini
468 3995 627 4068 Scriptores
642 3993 676 4050 de
686 3991 848 4070 &ophianus
862 3990 947 4046 Aedis
961 3989 1103 4061 elegantia
