2742 5182
306 387 361 472 '86

311 578 466 646 fortunae
486 576 716 643 calamitosum
730 579 814 652 vitae
829 597 923 642 meae
944 579 1071 642 exitum
1088 584 1189 664 pos'se
1211 573 1298 640 faci-¹

311 679 387 745 liter
399 684 554 766 experiri.
589 679 694 764 Igitur
710 701 788 744 cum
801 679 886 743 lacta
898 683 965 743 vita
978 684 1030 756 sit,
1049 677 1188 741 hilarior
1202 699 1297 740 mors

311 785 383 844 erit.
424 779 469 844 Et
481 779 521 844 ab
536 779 691 846 omuibus
706 780 873 844 licentiam
887 782 1062 865 accipiens,
1083 777 1227 864 Diisquo
1242 783 1299 839 iu·

311 883 452 956 vocatis,
474 887 662 942 constanter
677 901 843 944 venenum
856 878 975 955 ebibit,
996 887 1030 941 et
1044 883 1109 942 cito
1123 883 1263 964 spiritus
1281 899 1298 941 e

311 1000 444 1044 carcere
458 978 607 1042 evolavit.
626 995 684 1027 -·
709 978 778 1042 Hic
790 982 889 1041 etium
901 976 978 1040 sons
991 983 1175 1058 invenitur,
1198 983 1297 1040 cuius

312 1099 416 1166 aquae
431 1088 515 1164 potu
528 1067 656 1143 faciunt
670 1079 824 1143 homines
836 1077 970 1141 hebetes
990 1101 1106 1159 sensu,
1129 1090 1177 1157 et,
1201 1089 1299 1164 post-

314 1185 416 1266 quam
434 1177 476 1242 ad
500 1177 717 1264 digestionem
736 1183 903 1258 venerint,
936 1201 1031 1242 mens
1052 1178 1094 1243 ad
1118 1185 1298 1266 pristinam

312 1278 485 1346 reducitur
507 1284 688 1344 sanitatem.
730 1280 775 1345 Et
794 1283 872 1368 quia
892 1300 1000 1365 prope
1018 1277 1120 1358 hanc,
1141 1279 1185 1343 ad
1206 1285 1298 1344 occi-

313 1378 436 1457 duum,
468 1401 584 1446 versus
614 1381 848 1465 Tenaronque
865 1379 1082 1466 Pagasaeum
1108 1384 1221 1444 sinum
1248 1391 1298 1443 ut·

312 1501 378 1564 que
392 1479 563 1545 Minoum
582 1503 691 1557 mare,
713 1479 812 1544 multi
825 1479 975 1544 aaliaceut
989 1479 1184 1567 scopulique
1200 1487 1298 1543 inau-

311 1579 363 1644 lae
385 1580 547 1660 incultue3
574 1581 717 1666 ideoque
740 1584 878 1644 nomina
898 1579 1085 1666 aliquarum
1101 1578 1157 1651 hic
1170 1601 1299 1665 ponam

313 1685 385 1746 eine
405 1688 595 1746 narratione
612 1682 731 1767 aliqua.
774 1679 865 1766 Syru
880 1679 932 1744 vel
948 1678 1084 1766 Sydra,
1104 1679 1299 1746 Macroni-

313 1803 374 1858 σο,
394 1779 555 1858 Altera,
582 1783 755 1864 Glitiam,
778 1780 819 1844 de
838 1802 904 1867 qua
919 1778 1084 1844 Proculus
1102 1784 1203 1866 poeta
1225 1779 1299 1857 suit,

314 1886 389 1969 qui,
413 1902 491 1946 cum
506 1881 652 1948 Samiam
665 1882 832 1947 adamaret
845 1901 1008 1965 graecam,
1029 1880 1136 1947 multa
1149 1886 1300 1946 carmina

315 1982 358 2048 ad
373 1979 507 2050 laudem
521 1988 574 2048 sui
586 1987 732 2048 nominis
749 1980 949 2068 compilavit.

704 2153 913 2177 m

770 2329 835 2402 28.

304 2460 477 2569 «Θοηεῐειῐ
502 2501 589 2568 hunc
616 2503 761 2569 insulam
784 2499 937 2570 Andros
962 2504 1078 2568 multis
1104 2505 1300 2570 nominibus

314 2609 542 2688 pronuntiari,
574 2613 612 2668 ut
634 2603 829 2692 philosophi
850 2604 973 2668 dicunt
1015 2604 1059 2669 Et
1076 2609 1188 2692 primo
1209 2604 1302 2670 Mir-

314 2706 388 2792 tius
407 2711 575 2795 Gaurum,
603 2703 1093 2773 CallimachusAncandrou.
1134 2703 1209 2770 Alii
1225 2705 1302 2770 Lu-

315 2806 438 2893 gium,
467 2803 719 2892 Nonagriam,
745 2805 929 2872 Idrussam
952 2827 972 2870 a
993 2803 1142 2868 fontibus
1164 2805 1302 2885 multis,

315 2915 350 2969 et
368 2905 516 2970 Plinius
531 2906 683 2992 Pagrim
701 2913 861 2972 nominat
904 2903 1057 2970 Andros
1077 2916 1188 2970 autem
1215 2906 1303 2970 diota
1356 2905 1357 2990 l

316 3003 420 3069 afilia
431 3003 586 3070 Annaei
603 3011 702 3091 regis.
747 3005 842 3083 Quae
862 3005 985 3068 nobilis
1005 3016 1038 3069 et
1057 3004 1202 3093 pulchra
1223 3013 1302 3069 satis
1356 3043 1357 3054 κ

315 3116 349 3169 et
369 3125 533 3191 aquarum
563 3109 792 3192 copiosissima
818 3115 969 3192 apparet,
1006 3104 1154 3170 humana
1181 3116 1302 3170 natura
1356 3105 1357 3190 l

318 3209 432 3269 omnia
454 3205 676 3290 producente·
697 3211 733 3268 in
753 3207 924 3270 montibus
944 3216 1012 3271 tota
1032 3218 1064 3270 et
1074 3205 1228 3271 LXXX
1243 3213 1302 3270 cir.
1356 3191 1357 3274 l

317 3308 394 3384 mi.;
416 3315 450 3368 et
463 3308 575 3368 civitas
588 3304 630 3370 ad
645 3308 808 3369 o1ientem
822 3309 893 3370 sine
907 3289 1009 3394 portu
1024 3305 1198 3372 habitatur.
1243 3277 1357 3370 Ad

318 3404 498 3470 occiduum
510 3425 590 3470 vero
602 3426 706 3492 parva
721 3405 832 3470 insula
851 3427 930 3471 cum
944 3414 1080 3496 antiquo
1099 3407 1251 3494 oppido
1241 3429 1303 3493 ap

318 3516 385 3586 ret,
409 3506 452 3570 ad
469 3526 569 3593 quam
579 3515 796 3592 per-pontem
813 3506 982 3594 lapideum
1004 3508 1123 3594 amplis
1143 3507 1303 3571 aedificiis

296 3605 524 3676 ,accedebant
546 3649 550 3654 ,
566 3607 606 3672 In
618 3627 720 3686 mare,
733 3629 839 3695 prope
852 3609 947 3686 litus,
968 3614 1070 3673 turris
1086 3613 1252 3688 cernitur,
1268 3614 1303 3672 iu

320 3729 387 3795 qua
407 3708 697 3772 circumadstantes
717 3713 753 3772 in
768 3717 864 3773 nocte
882 3709 1085 3785 residebant,
1108 3720 1146 3773 ut
1167 3731 1187 3772 a
1208 3715 1302 3798 pira-

319 3811 363 3870 tis
384 3807 467 3872 salvi
488 3807 615 3874 fierent.
657 3809 792 3873 Dicitur
811 3817 933 3875 etenim
957 3811 1040 3874 filias
1062 3808 1195 3874 Annaei
1213 3813 1302 3896 regis

320 3906 501 3996 aufiagisse,
521 3908 697 3999 dequibus
712 3933 774 4000 per
791 3911 965 3981 Ovidium
978 3917 1026 3978 sic
1039 3911 1191 3999 lingitur:
1215 3913 1301 3982 Bac«.
