2742 5182
973 433 1047 508 107
1129 489 1196 528 „

71 623 211 698 offensus
228 608 316 688 fastu
330 622 515 710 tyrannica
531 623 757 692 retentem
770 621 951 714 patriaque,
961 625 1051 692 Bru-

71 739 101 789 to
116 726 267 810 consule,
292 730 348 811 qui
369 747 463 810 reges
481 723 575 790 Urbe
591 733 716 812 exegit,
736 727 1048 796 ltaliamadveotus.
1091 802 1095 808 .

70 865 107 879 -
127 829 188 890 Est
202 849 283 912 ergo
302 825 479 888 montuosa
498 827 593 890 valde
613 834 864 895 etei1·.mi....²
886 863 923 878 -·
970 828 1048 906 Quo

70 930 106 992 de
123 934 249 991 oriente
263 928 305 990 ad
322 926 499 990 occiduum
514 931 549 989 in
571 927 777 1011 longitudine
794 930 885 993 velut
898 936 999 996 unius
1012 937 1050 995 in

67 1034 147 1094 mari
165 1028 334 1092 revolutae
354 1032 446 1090 navis
459 1027 601 1109 ⁴dorsum
625 1033 763 1112 erigitur
785 1040 817 1092 et
837 1036 873 1094 in
890 1038 1047 1097 extremis

69 1129 255 1194 declinatur.
300 1127 454 1218 Cumque
469 1137 589 1190 naume
605 1126 783 1213 Ephs'siaci
798 1136 899 1194 maris
919 1136 1049 1212 apicem

67 1219 163 1294 huius
182 1229 310 1293 insulae
329 1233 477 1292 iunctam
493 1229 640 1292 nubibus
655 1231 784 1307 vident,
805 1229 894 1294 iflico
914 1242 1049 1316 portum

66 1353 245 1417 procurare
262 1321 437 1407 festinant,
467 1335 545 1421 quia
570 1334 703 1415 signum
724 1331 788 1394 tale
813 1333 854 1395 ad
869 1332 1051 1397 detrimen-

65 1445 134 1498 tum
146 1438 283 1496 navium
295 1437 537 1494 transeuntium
551 1442 743 1496 revertetur.
783 1431 868 1496 Sunt
882 1444 913 1496 et
926 1439 962 1496 in
976 1433 1049 1513 hae,

64 1539 146 1598 inter
165 1531 346 1598 amfractus
369 1531 639 1622 immeabilesque
659 1533 766 1619 ripae,
790 1554 871 1614 apes
904 1540 972 1596 suis
994 1557 1050 1600 ea-

64 1637 209 1700 rernulis
230 1633 495 1726 frequentantes,
524 1644 556 1696 et
576 1633 623 1696 ibi
644 1635 712 1697 mel
733 1635 827 1699 valde
855 1641 1048 1702 nutrientes.

65 1735 128 1800 Hic
141 1743 242 1813 etiam
263 1736 340 1799 belli
354 1735 476 1798 Bacchi
490 1735 656 1823 liquorem
671 1735 719 1797 illi
735 1745 869 1822 accepto
884 1735 1049 1822 multipli-

66 1861 135 1901 care
156 1836 286 1902 faciunt
307 1848 339 1900 et
363 1835 651 1902 circumstantibus
672 1841 816 1906 mittunt.
858 1836 897 1900 ln
913 1859 979 1922 quo
994 1859 1051 1900 ca-

65 1945 195 2002 cumine
212 1939 278 2004 duo
294 1949 372 2002 sunt
388 1939 529 2024 oppida,
555 1947 587 2000 et
600 1937 641 1998 ad
657 1941 833 2015 orientem,
856 1959 962 2024 prope
975 1961 1049 2001 ma-

63 2063 112 2117 re,
132 2040 265 2105 videtur
286 2045 322 2102 in
342 2051 455 2103 monte
479 2045 580 2104 turris
604 2039 777 2114 altissima,
808 2059 892 2124 quae
912 2039 1050 2102 Fanari

63 2141 240 2205 ‹lic'ta'est¹
274 2141 314 2204 ln
335 2154 401 2230 qu'e
424 2141 539 2205 ltnnen
560 2140 641 2204 olim
664 2139 859 2224 procellosis
889 2140 1048 2204 existebat
1103 2161 1107 2172 ¹

61 2243 285 2328 temporibus,
307 2254 345 2304 ut
357 2253 563 2308 transeuntes
580 2242 800 2318 salvarentur,
825 2247 901 2328 quia
918 2263 979 2328 per
993 2252 1047 2306 to-

62 2353 126 2409 tam
140 2344 290 2410 insulam
305 2367 374 2410 uon
388 2349 512 2430 poteris
528 2353 662 2430 portum
679 2347 838 2408 invenire.

524 2689 586 2767 52.

60 2818 222 2922 Dicitur
240 2856 350 2920 insula
370 2852 449 2919 haec
464 2853 660 2931 Mandria,
681 2875 765 2940 quae
781 2850 887 2940 prope
910 2857 1048 2938 erigitur
1121 2869 1126 2878 ·

59 2955 100 3021 Di
106 2965 173 3042 psi,
199 2981 218 3022 e
234 2957 380 3046 scopulis
401 2959 619 3036 circumdata3
645 2967 677 3020 et
692 2962 842 3044 quamvis
858 2955 938 3020 olim
952 2953 1048 3018 habi-

60 3070 122 3124 tata
142 3065 329 3136 exstiterat,
353 3081 443 3122 nunc
463 3059 505 3122 ud
520 3059 734 3124 solitudinem
751 3068 799 3120 est
815 3068 990 3146 perventa3
1011 3061 1049 3118 in

60 3185 123 3248 qua
142 3166 248 3238 asini,
270 3183 350 3224 voce
369 3179 508 3238 sonora,
533 3161 698 3226 silvestres
724 3158 958 3245 perambulant
977 3163 1048 3224 sine

59 3269 178 3328 timore
193 3285 355 3329 unacum
374 3266 461 3346 aegis
478 3259 627 3327 infinitis.

445 3438 654 3456 m

522 3605 585 3683 53.
682 3547 688 3554 ¹

59 3733 204 3834 lisutae
224 3771 307 3834 duae
322 3791 442 3856 parvae
457 3781 488 3834 et
501 3769 609 3834 nudae
622 3758 865 3835 habitationum
880 3762 922 3827 ad
937 3767 1050 3826 orien-

56 3880 122 3956 tern
162 3877 359 3957 insurgunt,
400 3869 591 3964 Agatusss
617 3882 650 3934 et
676 3872 904 3936 Pharmacus
933 3865 1047 3930 dictae.

55 3969 150 4050 Quae
174 3995 292 4039 corum
307 3965 460 4038 'etimne
483 3973 660 4040 Palatius
683 3970 742 4037 diu
764 3972 917 4034 iuventae
943 3963 1048 4032 fuere.
