2742 5182
242 573 244 580 ,
298 481 373 590 ns·

294 706 372 750 rum
402 687 496 770 quasi
517 687 554 746 in
576 675 686 744 medio
708 677 799 742 Polis
829 687 906 740 sunt
924 678 1069 762 positas,
1100 678 1137 738 in
1163 675 1288 762 quibus

296 791 512 850 circumcirca
534 793 603 847 acta
623 781 868 868 Imperatorum
882 775 1009 862 sculpta
1024 788 1287 862 cograoscuntur.

295 887 335 952 In
352 887 490 950 ecclesia
505 905 584 948 vcro
599 883 798 946 Sanctorum
815 875 1062 964 Apostolorum
1075 882 1193 965 quinta
1207 899 1286 942 cum

297 989 415 1074 angelo
431 1005 534 1049 aeneo
556 995 589 1048 et
604 984 822 1050 Constantino
842 977 1021 1063 genuflexo
1042 978 1204 1043 columna
1224 991 1287 1056 cst,

295 1099 327 1155 ct
341 1088 478 1152 ecclesia
493 1092 559 1151 iam
574 1087 749 1170 dirutaque
762 1081 967 1166 amplissima
979 1084 1092 1144 omnia
1105 1076 1286 1165 sepulchra

293 1189 538 1276 Imperatorum
552 1184 747 1274 porphyrea
760 1181 914 1245 videntur
927 1179 1113 1266 magnifica,
1121 1201 1286 1246 unacum

299 1289 508 1354 Constantini
533 1294 715 1358 immenso,
749 1293 782 1347 et
802 1282 848 1347 ibi
871 1282 1028 1346 columna
1046 1279 1106 1344 ubi
1127 1278 1284 1344 Christus

294 1388 414 1474 ligatus
437 1399 468 1452 et
483 1387 664 1475 flagellatus
683 1395 741 1448 est.
782 1383 821 1448 In
845 1387 1048 1447 manasterio
1063 1379 1285 1446 Pandocra·

294 1508 379 1566 tara
404 1500 452 1552 cst
476 1488 560 1577 lapis
580 1487 639 1552 ubi
659 1484 780 1574 Ioseph
801 1481 979 1576 Christum
996 1482 1138 1548 revolvit
1154 1487 1193 1547 in
1214 1488 1284 1546 sin-

292 1591 389 1656 done.
441 1589 479 1654 In
499 1594 703 1654 monasterio
727 1589 784 1652 Sci
802 1585 981 1652 Iohannis
1000 1583 1046 1650 de
1067 1583 1182 1651 Petra
1205 1593 1282 1649 sunt

289 1698 483 1758 vestimenta
506 1687 648 1768 Christi,
677 1701 709 1752 ct
729 1687 858 1751 arundo
880 1709 957 1750 cnm
979 1691 1185 1776 spongiaque
1207 1683 1281 1750 lan-

290 1815 350 1858 cea
369 1797 405 1856 iu
426 1797 533 1854 unrnn
555 1801 757 1854 conservata.
808 1787 894 1852 Sunt
913 1786 1054 1877 denique
1075 1811 1139 1876 per
1156 1786 1280 1852 urbem

253 1893 254 1898 ’
292 1891 553 1959 innumerabiles
568 1892 724 1955 ecclesiae
740 1903 837 1978 atque
850 1895 1010 1952 cisternae
1024 1893 1129 1954 mirac
1146 1893 1279 1974 magni-

288 1993 414 2058 tudinis
439 2004 471 2056 et
492 1993 674 2055 industriae
695 1989 889 2068 fabricatae,
913 2002 945 2054 ct
966 1995 1001 2055 in
1021 1996 1277 2080 ruinatpositae.

287 2093 397 2160 Vinea
413 2115 476 2180 pro
490 2091 635 2180 qualibet
651 2097 687 2156 in
706 2116 744 2156 ca
763 2098 867 2156 trium
886 2091 939 2156 rel
958 2102 1101 2180 quatuor
1122 2102 1275 2179 vegetum

289 2201 359 2261 viui
375 2191 500 2259 crescit.
546 2192 715 2256 Cisternae
734 2192 789 2258 Sti
803 2193 982 2258 iohannis
997 2191 1042 2256 de
1059 2194 1186 2266 Petra,
1212 2194 1274 2260 Oi-

189 2339 199 2350 ,
281 2316 411 2386 'aterna
433 2294 673 2379 Pandepopci,
694 2293 862 2358 Cisterna
877 2292 1274 2373 Pandocratora,Cist.
1362 2309 1363 2314 ’

287 2398 569 2485 Apostolorum,
597 2395 676 2458 (list.
699 2397 921 2470 Malaumeti,
948 2401 1073 2484 inqua
1093 2401 1138 2462 ita
1162 2396 1276 2462 subtili
1362 2471 1363 2486 χ

286 2499 425 2566 artificio
446 2509 522 2562 sunt
538 2495 707 2560 ordinatae
729 2497 919 2570 columnae,
944 2499 1034 2583 quod
1058 2508 1107 2560 est
1126 2498 1274 2564 incredi-
1362 2489 1363 2536 ³

286 2602 354 2671 bile
376 2601 418 2662 ad
441 2599 658 2673 narrandum,
688 2609 718 2660 et
741 2596 822 2660 aliae
843 2597 982 2672 multae,
1014 2603 1099 2662 sicut
1123 2600 1189 2664 Sta
1208 2599 1274 2664 So·

283 2704 394 2791 phio,
420 2723 502 2789 quac
525 2711 574 2763 est
594 2699 812 2786 principalior
827 2697 915 2774 altis,
939 2708 972 2762 et
987 2698 1218 2766 lastinianus
1236 2706 1273 2766 in

284 2803 366 2870 XV.
388 2810 482 2868 atatis
509 2801 593 2866 illud
617 2800 795 2888 explicavit
823 2821 918 2886 opus.
962 2799 1067 2864 Sctus
1090 2800 1272 2888 Georgius

286 2906 332 2972 dc
347 2905 558 2993 Margana,
585 2902 894 2978 Sancta'Herini‚
916 2900 1072 2966 Sanctus
1086 2900 1270 2974 Lazarus.

290 3009 488 3080 CIriramas,
504 3005 619 3079 Enea,
637 3005 832 3091 Perrusque
845 3001 994 3094 Paulus,
1009 3002 1065 3066 Sci
1078 3002 1158 3068 XL.
1173 3027 1270 3068 mar·

284 3127 421 3194 tyrum,
455 3117 487 3170 ct
509 3128 568 3168 sna
593 3110 734 3168 cisterna
755 3102 959 3190 amplissima
982 3108 1126 3192 optimae
1148 3127 1271 3194 aquae,

282 3215 321 3274 in
343 3230 425 3296 qua,
457 3218 493 3268 ut
512 3205 648 3280 dicitur,
678 3204 812 3269 nullum
834 3208 984 3268 invenire
1007 3205 1127 3284 linema
1164 3207 1270 3272 Ana·

282 3313 409 3375 stasis,
443 3307 679 3378 Periulesros‚
712 3307 818 3370 Sccus
841 3304 1025 3370 Iohannes
1051 3302 1097 3370 do
1120 3306 1267 3380 Studio.

225 3432 228 3444 ·
284 3409 361 3476 saus
377 3407 566 3477 Andreas,
596 3408 819 3477 Viaclzcrna,
839 3415 917 3481 eta,
939 3411 975 3470 iu
989 3429 1055 3494 qua
1068 3417 1158 3473 tantu
1172 3415 1270 3498 copia

282 3511 408 3598 ubique
423 3509 591 3574 aedificata
610 3517 784 3572 remanent
802 3511 951 3594 ipsarum
974 3507 1209 3588 ecclesiaram,
1237 3522 1270 3576 et
1361 3533 1362 3556 ¹

281 3635 348 3678 una
378 3611 550 3700 pulchrior
577 3608 693 3676 altera.
723 3608 814 3696 quod
837 3607 976 3692 longum
996 3618 1081 3672 esset
1100 3631 1268 3676 enarrare.
1361 3663 1362 3694 ᾗ

203 3773 206 3779 .
281 3715 366 3780 Sunt
379 3721 476 3778 etiarn
492 3733 552 3798 per
567 3715 729 3775 civitatem
748 3713 843 3796 pauci
867 3707 1064 3772 habitatores
1086 3721 1118 3774 et
1138 3715 1268 3780 inimici
1361 3695 1362 3706 ἵ

282 3791 501 3885 haimarum„
528 3818 586 3899 qui
605 3832 777 3897 uunquam
799 3819 958 3874 secretam
978 3831 1094 3896 parem
1117 3835 1197 3880 oum
1220 3819 1266 3880 eis

283 3915 494 3994 obtinebunt,
538 3920 586 3978 ct²
609 3916 636 3973 si
678 3915 887 3998 promittent,
926 3933 994 3976 non
1031 3911 1267 3980 observabunt.
