2764 5182
1018 425 1066 497 1⁷
1122 491 1159 520 ,,

74 607 144 686 ed.
163 611 211 685 L.
228 609 389 702 Melius,
417 609 642 688 Florentiae
665 623 773 715 1759,
799 641 823 689 2
839 617 954 699 Tom.
970 617 1063 728 folj
1083 683 1085 690 .

73 773 154 824 seu
175 773 197 822 a
218 748 367 823 Cosmo
384 748 606 831 mediceo,
637 752 748 851 quod
772 771 931 830 narrant
957 758 1065 858 apud

70 883 558 982 MuratoriumScriptor.
593 885 739 959 Rerum
754 888 921 965 Italicar.
940 894 1062 982 T.25.

70 1047 116 1120 p.
139 1029 234 1120 274,
276 1019 388 1121 quod
420 1037 541 1118 negat
570 1021 811 1096 Cl'irabosclzi
834 1011 881 1099 Τ.
900 1029 936 1102 6.
960 1031 1004 1102 Ρ.
1028 1055 1062 1106 1.

72 1181 118 1256 p.
148 1181 238 1228 102:
264 1193 324 1212 -
358 1155 441 1229 hoc
468 1153 628 1230 definire
652 1154 811 1251 nolim,'
832 1169 1065 1286 praesertim

74 1295 175 1392 quia
191 1290 232 1365 in
241 1290 362 1365 Libro
380 1293 469 1392 ipso
480 1292 732 1395 Archipelagi
745 1295 826 1370 tale
845 1296 903 1372 nil
920 1323 1063 1376 oecur-

72 1432 140 1501 rit.
198 1429 394 1528 Excerpta
426 1451 476 1500 ex
501 1426 698 1525 Ambrosii
726 1432 932 1530 Epistolis,
965 1435 1063 1514 mibi

76 1562 129 1637 ab
160 1567 294 1639 amico
325 1566 375 1640 H.
401 1566 587 1656 Meyero,
626 1567 855 1660 Turicensi,
896 1571 1063 1650 Bernam

74 1702 215 1792 missa,
248 1698 391 1774 diserte
412 1726 496 1774 non
517 1717 709 1775 testantur
732 1729 782 1775 an
810 1727 858 1777 ex
876 1706 1060 1805 Epistolis

73 1841 196 1936 ipsis,
228 1861 278 1908 an
297 1861 347 1908 ex
361 1826 453 1911 Vita
467 1834 681 1930 Ambrosii,
714 1856 878 1914 auctore
895 1845 1061 1928 Mallus,

75 1972 310 2072 depromtus
332 1975 381 2045 sit
401 1971 517 2047 locus
535 1999 651 2074 quem
672 1942 794 2048 laudo
805 2004 818 2072 3
848 1997 887 2051 et
904 1977 969 2054 hic
985 1983 1062 2056 Lu·

71 2113 197 2185 tetiae
214 2109 304 2183 libri
321 2107 476 2183 latentis
499 2113 735 2210 inspiciendi
756 2116 798 2186 in
814 2110 1062 2192 bibliotheca

71 2251 189 2346 regia
203 2246 299 2320 mihi
314 2271 565 2348 nequaquam
581 2251 699 2349 copia
713 2247 816 2330 fuit„
853 2251 1062 2366 Quidquid
1079 2265 1085 2272 “

74 2389 163 2458 eius
178 2385 238 2458 rei
254 2387 326 2476 sit,
355 2409 404 2458 ex
425 2387 512 2484 ipso
542 2407 665 2482 opere
682 2403 791 2484 patet
803 2385 921 2461 illud:
951 2388 1057 2464 Octo

74 2544 206 2594 annos
220 2519 352 2593 Rhodi
370 2519 530 2618 degerat
545 2520 664 2619 (Cap.
681 2523 757 2619 ¹3³)
778 2538 818 2595 et
835 2547 940 2597 anno
962 2529 1060 2600 1422

74 2655 222 2728 Rhodo
240 2658 342 2729 misit
358 2654 466 2730 hunc
481 2653 627 2728 librum
642 2655 820 2729 Romam.
871 2659 949 2732 Per
962 2685 1059 2760 qua-

72 2809 173 2866 tuor
195 2787 377 2892 deinceps
403 2815 549 2884 annos,
579 2809 624 2864 ut
646 2792 801 2866 videtur
824 2793 945 2892 (Cap.
966 2803 1058 2890 80),

1 2969 2 2972 π
72 2928 321 3029 permeando
343 2923 529 3028 praesens
558 2925 735 3002 lustravit
764 2951 900 3000 omnes
922 2927 1058 3003 Archi-

71 3059 212 3166 pelagi
223 3065 460 3164 Ionieasque
474 3060 635 3154 insulas,
654 3081 694 3136 et
710 3062 811 3136 duos
830 3088 954 3138 anuos
973 3093 1058 3157 „se-

77 3195 232 3274 cundae
269 3199 489 3299 copiosiori
514 3197 608 3272 huic
633 3196 920 3298 descriptioni“
960 3225 1058 3279 con·
1120 3183 1122 3197 ’

75 3333 301 3410 cinnandae
323 3333 516 3436 impendit
540 3331 821 3434 (Praef.§.1.).
876 3337 953 3408 Per
975 3336 1057 3415 hoe

74 3495 170 3570 ergo
197 3469 400 3544 biennium
414 3469 545 3544 Rhodi
563 3466 730 3569 degebat
748 3524 772 3563 ‚‚
786 3467 1058 3560 Graiis‘shre-

72 3611 127 3682 ris
148 3631 314 3707 operam
336 3633 501 3702 navaus3
533 3610 588 3680 ita
611 3631 715 3680 anno
743 3617 859 3698 1414,
886 3628 1057 3698 „exacta

75 3741 380 3817 adolescentia“
399 3746 562 3840 patriam
578 3741 814 3814 Florentiam
834 3741 1054 3843 dereliquit.

72 3879 119 3953 Et
138 3880 372 3982 priusquam
388 3881 573 3955 inviserat
588 3877 890 3980 Archipelagum
909 3905 1055 3958 anuum
