2742 5182
507 669 512 680 ι
540 689 542 692 Ι
557 661 591 740 ⁸¹

332 743 338 750 t
554 741 560 754 j
585 709 593 731 ·

400 775 406 783 ι

93 805 217 911 Venio
234 841 311 907 inde
328 839 379 907 ad
395 839 646 931 Sapientiam,
667 847 780 912 coram
797 845 1008 912 Modoa'enas
1021 847 1072 911 sis

81 957 193 1030 vitate,
223 973 306 1039 quae
335 971 437 1039 parva
466 962 499 1015 et
525 951 734 1020 infructuosa
757 964 912 1040 apparet,
933 964 966 1018 et
984 953 1070 1020 die'ta

81 1063 127 1116 est
142 1053 324 1140 Sapientia
346 1062 383 1114 ut
397 1058 489 1115 natis
505 1055 709 1118 transeundo
725 1061 890 1142 sapienter
907 1077 927 1120 a
944 1071 1069 1152 seopu-

79 1157 117 1222 lis
134 1155 181 1219 ibi
198 1153 338 1216 occultis
355 1173 389 1214 se
411 1153 589 1232 custodiat,
612 1155 665 1219 vel
679 1163 756 1244 quia
773 1155 819 1221 ibi
833 1157 956 1221 mulier
969 1177 1068 1244 grae·

78 1279 113 1322 ca
134 1277 212 1320 cum
236 1249 416 1329 habitaret,
446 1251 561 1319 futura
588 1258 865 1354 incantationibus
888 1269 1067 1323 transeam

77 1358 161 1422 tibus
183 1353 381 1420 resolvebat.
430 1353 563 1419 Cuius
553 1375 588 1420 in
604 1359 715 1422 medio
733 1379 832 1422 mons
853 1362 1007 1444 erigitur,
1028 1363 1066 1422 in

78 1483 141 1549 quo
158 1455 390 1521 Modonenscs
406 1455 519 1518 velum
539 1456 671 1543 alonge
689 1460 842 1544 vigilant,
861 1461 903 1522 'ut
919 1465 1066 1524 ciram*-

77 1557 234 1626 stantibus
256 1563 454 1632 innotescat.
496 1554 555 1620 Ad
576 1563 737 1624 eneruem
757 1579 837 1624 sero
859 1558 986 1645 aliquae
1003 1579 1067 1647 ap-

71 1671 186 1750 parent
206 1658 337 1724 insulae
358 1658 510 1723 incultae
525 1667 558 1723 et
581 1657 622 1723 ab
646 1666 734 1746 aeffls
756 1658 927 1724 habitatae.
970 1657 1065 1740 Quass

73 1784 147 1830 rum
163 1766 288 1838 minor,
302 1771 453 1847 tempore
467 1763 580 1845 magni
596 1757 755 1824 Amarati
771 1759 979 1839 Turnacum,
995 1783 1064 1828 una

73 1864 204 1929 biremis
227 1861 430 1936 infidelium,
453 1863 490 1924 in
510 1871 702 1946 tempestate
722 1867 848 1939 noctis,
870 1857 926 1924 hic
950 1862 1061 1950 appli-

73 1969 152 2044 cuit,
175 1985 262 2053 quae
277 1963 386 2027 subito
402 1963 576 2026 ecclesiam
588 1967 717 2025 invasit.
762 1953 917 2050 Cumque
932 1968 1061 2031 circam

74 2073 288 2130 consisterent
303 2075 335 2129 et
349 2063 542 2128 Caloierum
555 2062 753 2150 psallentem
771 2065 942 2143 audirent,
962 2076 1060 2152 ports

73 2165 222 2232 ecclesiae
251 2189 419 2255 nusquam
443 2169 577 2232 inventa
605 2175 668 2242 est,
698 2175 730 2230 et
758 2171 806 2229 sic
829 2187 937 2254 usque
960 2187 1059 2234 mana

71 2268 116 2332 ibi
127 2279 369 2334 remanserunt.
412 2267 493 2332 Lux
507 2278 618 2332 autem
633 2263 734 2344 iacta,
758 2279 792 2330 et
805 2268 941 2332 insidias
958 2266 1061 2333 Glari·

73 2373 253 2436 adanorum
275 2374 444 2448 timentes,
469 2369 576 2433 donee
597 2367 751 2432 Caloiero
776 2389 837 2433 sua
860 2369 1060 2435 damnare

75 2475 317 2550 aulocrene-»a
340 2469 436 2534 litore
465 2469 620 2534 recedere
642 2489 715 2532 non
740 2469 884 2535 valuere.
933 2469 1059 2538 (loram

72 2593 145 2659 crgo
166 2573 286 2637 insulis
313 2571 407 2635 dictis
430 2571 514 2636 duae
536 2577 713 2658 eriguntur
732 2575 894 2650 civitates,
922 2569 1059 2638 Medo·

75 2693 154 2741 num
166 2679 295 2760 prima,
318 2673 457 2762 liquoris
473 2671 596 2737 Bacchi
615 2672 916 2750 abundantissima,
938 2684 972 2738 et
990 2657 1058 2738 Oess

72 2795 195 2840 ronam
222 2776 385 2852 secunda,
413 2774 582 2861 aliquare
601 2773 695 2837 Deae
714 2772 857 2836 Palladis
881 2787 1055 2842 coronata.

73 2899 150 2964 quae
166 2877 308 2942 ambae
296 2899 333 2941 an
347 2881 521 2962 proxincia
536 2873 689 2943 Marsae
704 2879 907 2954 consistunt,
928 2886 962 2940 et
973 2875 1055 2944 olim

72 2977 343 3067 Peloponnesus
357 2977 442 3043 dicta
464 2975 622 3065 aPelope
638 2997 732 3062 rege,
755 2973 826 3038 filio
843 2975 994 3055 Tantali,
1016 2989 1055 3050 ut

71 3083 112 3142 ait
128 3079 216 3144 Bari
201 3081 323 3158 l‚aam
344 3079 447 3151 horno
470 3077 638 3141 bellorum
654 3083 710 3141 et
700 3081 841 3160 insignis
854 3076 1054 3164 plurimum.
1079 3135 1083 3144 .

71 3177 150 3258 Qui,
177 3203 257 3245 cmn
285 3182 374 3268 apud
393 3179 557 3267 Phrygias
581 3189 754 3264 regnaret,
775 3177 910 3244 bellum
936 3177 1055 3250 habuit

71 3279 597 3366 adversus'Oenomium,·'regem
613 3279 719 3344 Elidis
731 3288 836 3366 atque
849 3278 962 3358 Pisae,
985 3302 1052 3350 aar

71 3379 107 3444 dc
123 3381 248 3446 bellum
264 3387 380 3467 ingens
404 3387 584 3447 commovit
601 3392 699 3469 atque
713 3381 942 3469 Hippodamia
962 3386 1052 3468 peti,

69 3489 118 3544 tus
139 3493 194 3545 est.
239 3483 395 3547 Tandem
415 3505 493 3550 cum
516 3482 605 3568 apud
621 3481 735 3567 :Argos
757 3491 927 3566 regnasset
944 3505 965 3548 a
987 3495 1049 3550 uta

68 3587 197 3648 nomine
211 3568 481 3670 Peloponnensss
504 3585 736 3666 denominant,
843 3617 846 3624 ·

445 3756 653 3782 Μ’
