2764 5182
449 637 705 753 ''u''

74 873 206 980 Restat
221 935 330 992 nunc,
350 924 460 1004 pater,
480 913 651 1004 generales
671 910 899 986 demonstrare
913 926 1064 1009 pertice«

72 1025 213 1090 latitates
237 1031 269 1086 et
289 1025 478 1109 provincias
501 1029 717 1091 circumcirca
743 1031 867 1114 positas
888 1049 967 1094 cum
987 1051 1062 1096 ma·

71 1131 158 1190 rium
176 1123 387 1212 plenitudine
408 1136 440 1190 et
453 1130 511 1214 qui
525 1131 562 1190 in
574 1123 778 1194 hodiernum
794 1128 1009 1195 dominantur
1024 1133 1060 1198 in

71 1225 143 1292 illis.
192 1225 332 1292 Dicitur
352 1247 431 1314 ergo
449 1224 740 1316 Archipelagum
760 1251 852 1296 mare
875 1235 971 1319 quasi
993 1229 1060 1296 do·

70 1332 187 1396 minus
211 1329 337 1394 moris.
380 1326 416 1392 A
437 1325 559 1394 Rhodo
580 1334 682 1416 igitur
702 1351 765 1418 per
785 1329 909 1396 lineam
932 1342 1058 1422 rectam

70 1451 172 1516 usque
191 1427 348 1494 Maleum
368 1435 641 1516 promontorium
660 1431 817 1498 milliaria
837 1429 1003 1512 CCCCL,
1026 1443 1059 1500 et

71 1529 205 1596 aCreta
232 1553 341 1620 usque
362 1529 529 1596 Tenedon
547 1527 593 1594 D.
615 1529 704 1610 mit,
733 1538 769 1596 in
798 1531 920 1618 quibus
948 1543 1057 1600 totum

69 1654 157 1698 mare
172 1631 388 1696 concluditur
400 1627 626 1719 Archipelagi.
668 1630 760 1696 Huic
774 1629 858 1697 Asia
872 1640 984 1699 minor
996 1633 1058 1700 ad·

70 1733 192 1812 haeret,
227 1737 265 1800 in
293 1755 359 1822 qua
387 1731 538 1812 Ciliciae,
565 1731 790 1826 Pamphiliae,
820 1731 1055 1824 Phrygiaeque

69 1833 232 1900 Baetuliae
267 1838 462 1922 provinciae
497 1833 708 1922 amplientur.
772 1834 839 1899 Sed
873 1847 1054 1924 postquam

70 1934 171 2000 Turci
186 1959 263 2002 eam
278 1937 335 2001 diu
349 1935 529 2023 possedere
548 1934 588 2000 ab
605 1939 645 1999 iis
660 1935 789 2002 Turcia
808 1958 934 2002 nomen
957 1959 1056 2004 acce-

68 2042 128 2126 pit,
151 2044 227 2126 qui,
250 2049 387 2104 ruentes
406 2060 469 2126 per
491 2042 634 2103 civitates
659 2043 730 2101 sine
751 2043 911 2117 moeniis,
932 2037 1054 2128 populi

70 2137 128 2224 sub
146 2145 191 2204 eis
219 2139 360 2228 pacifice
388 2139 627 2226 gubernantur.
678 2135 738 2204 Ad
758 2139 937 2204 occiduum
958 2150 1055 2227 post·

69 2262 163 2326 quam
182 2263 278 2308 mure
299 2248 458 2307 transitur
477 2239 758 2326 Hellespontum,
781 2237 922 2305 Graecia
943 2246 1053 2306 statim

69 2339 162 2426 plana
175 2343 372 2430 ampliatur,
394 2349 477 2408 etin
494 2339 650 2406 omnibus
668 2363 773 2430 usque
788 2337 1053 2428 Andn'nopolim

70 2439 269 2508 fertilissima
287 2450 406 2524 nimis,
429 2456 492 2508 eta
509 2441 603 2508 lecva
616 2441 755 2505 tendens
771 2463 886 2506 versus
904 2439 1053 2506 Thessa·

69 2540 162 2610 licam
180 2550 393 2632 provinciam
409 2543 569 2634 populata
590 2547 668 2608 satis
689 2550 872 2630 reperitur3
894 2541 954 2608 ubi
971 2547 1053 2608 civi-

70 2654 209 2734 tatesque
236 2646 313 2712 loca
333 2647 558 2735 delinquimus
582 2655 615 2708 et
640 2644 683 2708 ad
704 2654 834 2708 montes
856 2643 1050 2710 devenimus

69 2745 163 2828 altos,
184 2754 250 2814 cito
271 2748 313 2814 ad
329 2748 564 2836 Euboiamque
576 2741 789 2809 Athenarum
806 2743 880 2808 loca
898 2749 1056 2832 pergitur,

70 2847 165 2927 ultra,
200 2872 347 2939 quarum
371 2871 450 2938 pars
473 2852 622 2912 maxima
648 2867 668 2911 a
698 2843 822 2908 Turcis
848 2844 1050 2932 possidetur.
1163 2929 1169 2940 ἱ
1221 2853 1226 2866 ‘

70 2945 236 3036 Aegaeum
258 2973 337 3016 vero
359 2973 452 3016 mare
477 2948 600 3026 volunt,
616 2951 743 3034 antiqui
766 2945 807 3010 ab
829 2943 947 3030 Aegeo
970 2965 1048 3030 rege
1140 2997 1147 3008 .

69 3059 98 3112 ct
114 3061 205 3136 patre
228 3052 355 3118 Thesei
377 3053 521 3130 dicttun,
549 3047 641 3138 quod
660 3045 701 3112 ab
722 3045 943 3136 Hellesponto
962 3050 1048 3110 inci-

69 3155 129 3235 pit,
149 3163 181 3216 et
201 3152 328 3220 multos
350 3153 488 3220 abluens
509 3157 603 3216 sinus
624 3170 732 3238 usque
748 3146 902 3212 Maleum
921 3146 1047 3212 disten·

70 3249 152 3317 ditur
172 3260 455 3342 promontorium.
521 3251 648 3338 cyclos
671 3255 762 3315 enim
784 3269 918 3334 graece,
946 3247 1047 3312 latina

71 3354 242 3434 circulus,
265 3377 372 3444 coque
386 3376 502 3422 omnes
525 3351 653 3419 insulae
674 3349 836 3416 rotundae
859 3353 946 3414 inter
964 3352 1045 3413 istos

69 3450 279 3546 Archipelagi
298 3455 453 3545 scopulos
474 3478 517 3522 ex
542 3453 746 3544 Cycladibus
767 3447 980 3514 vocabantur.
1004 3483 1045 3504 -

70 3550 205 3620 Peractis
233 3564 336 3644 igitur
363 3557 573 3644 generalibus
604 3549 822 3620 divisionibus
852 3547 1045 3614 huiusmodi

70 3653 310 3746 descriptionis,
332 3659 374 3723 ad
387 3655 660 3748 particularitates
674 3653 839 3718 dictarum
859 3649 1046 3714 insularum

70 3769 276 3826 revertemur.
307 3760 346 3826 ln
362 3759 482 3848 quibus
499 3757 580 3824 dum
594 3754 715 3824 rubeas
730 3751 939 3816 enumerabis
955 3754 1044 3840 ipsa-

71 3876 143 3924 rum
170 3861 292 3930 litteras
320 3883 444 3928 nomen
470 3865 603 3952 meique
626 3859 674 3921 tui
702 3866 734 3922 et
760 3873 828 3942 quo
849 3858 884 3916 in
904 3851 1045 3936 locoque

72 3966 213 4052 tempore
232 3959 440 4056 perfeceram
455 3983 540 4054 opus
560 3955 796 4026 manifestabis.
839 3951 889 4017 Ea
907 3960 1046 4052 propter
