2742 5182
303 265 353 360 88
1339 292 1341 356 t

304 477 406 540 sionis
420 472 551 540 fabulae
568 473 739 560 adaptavit.
761 507 806 523 -
826 471 929 538 Nunc
942 467 1077 536 tandem
1090 467 1175 536 haec
1192 473 1287 558 regio
1342 472 1343 520 t

302 587 443 662 propter
466 573 598 640 crebras
619 575 814 640 Turcorum
832 574 967 640 insidias
993 571 1036 636 ed
1054 572 1214 638 infimum
1239 586 1289 636 est
1343 564 1344 624 i

304 675 452 754 redacta,
471 679 638 763 quamvis,
660 675 703 742 ad
721 679 1004 764 comparationem
1018 674 1178 755 aliarum,
1206 673 1289 738 haec
1344 654 1345 732 i

303 774 425 840 melius
437 774 608 844 habeatur.

689 950 899 972 fl*

761 1121 825 1194 29.

307 1255 410 1360 Inter
425 1293 615 1381 Chiumque
631 1293 778 1362 Andron
798 1293 957 1382 scopulus
978 1298 1127 1360 eminens
1148 1292 1294 1360 Galatea
1351 1288 1352 1358 i

307 1417 369 1462 rus
388 1395 511 1476 dictus,
539 1396 680 1484 rupibus
698 1402 939 1484 rapacissimis,
967 1397 1057 1460 solus
1080 1407 1138 1460 est.
1190 1394 1292 1460 Unde

308 1498 411 1562 calos
429 1519 563 1583 graece,
592 1498 691 1562 latine
712 1497 847 1574 bonus,
876 1507 908 1560 et
928 1519 1051 1584 geres,
1072 1515 1207 1579 senex,
1229 1501 1250 1557 i.
1263 1518 1293 1558 e.

306 1597 425 1662 bonus
436 1615 570 1670 senex,
593 1598 671 1662 inde
686 1597 858 1664 Celoierus
874 1601 1110 1684 interpretatur
1123 1617 1185 1682 per
1205 1601 1294 1659 anti-

305 1696 462 1784 phrasin,
489 1706 567 1785 qnia
579 1698 674 1764 valde
688 1697 797 1762 malus
812 1710 843 1763 et
856 1722 875 1764 a
888 1697 1117 1785 navigantibus
1132 1701 1293 1762 minacis-

265 1787 268 1792 ’
307 1803 412 1864 simus
432 1799 586 1864 omnibus
604 1804 772 1886 reperitur
791 1801 1009 1887 temporibus.
1049 1796 1154 1884 Igitur
1169 1797 1293 1862 abhinc

305 1920 406 1965 naves
420 1908 628 1966 transeuntes
642 1921 740 1988 saepe
754 1906 791 1966 in
806 1911 904 1966 nocte
917 1899 1178 1986 submerguntur
1191 1904 1229 1962 in
1240 1921 1292 1964 eo.

306 1999 346 2066 In
364 2023 432 2089 quo
445 2007 529 2066 meis
549 2006 659 2087 itaque
674 2000 791 2066 diebus
810 2023 879 2066 una
890 1999 1106 2066 Ianuensinm
1118 2004 1230 2078 navis,
1252 2001 1292 2066 de

307 2102 393 2168 Pera
415 2101 636 2181 descendens,
655 2107 692 2168 in
704 2100 796 2168 hunc
810 2107 911 2190 periit
927 2100 1115 2187 scopuhnn.
1157 2099 1295 2185 Eapro-

305 2215 383 2290 pter
401 2213 521 2268 nautae
539 2213 747 2280 transeuntes
765 2202 1039 2268 anathematizare
1054 2191 1295 2288 saepe‘conva-

306 2303 454 2382 lescunt,
477 2313 525 2380 et,
547 2301 649 2388 digito
663 2301 784 2390 procul
796 2303 988 2382 indicantes,
1011 2307 1075 2368 cito
1090 2301 1204 2368 velum
1216 2324 1295 2368 ver-

306 2415 384 2470 tunt
407 2409 445 2470 in
466 2403 580 2468 altum.
625 2403 780 2492 Cumque
803 2403 906 2468 semel
927 2403 1121 2468 Turcorum
1144 2407 1225 2467 ratis
1248 2404 1296 2468 ibi
1363 2425 1364 2448 ¹

306 2515 530 2591 mergeretur,
553 2504 754 2572 adsalutem
770 2508 807 2570 in
826 2502 973 2590 scopulis
993 2501 1172 2568 hominum
1193 2525 1297 2570 even·
1364 2507 1365 2516 ’

307 2617 382 2672 tum
404 2617 463 2672 est.
508 2605 625 2672 Tertia
643 2625 724 2672 vero
741 2605 795 2672 die
810 2603 1079 2670 Christianorum
1092 2609 1221 2692 puppis
1236 2627 1297 2669 co-

228 2755 229 2760 1
308 2729 383 2774 ram
395 2705 490 2772 affuit
504 2710 562 2772 eis.
585 2704 689 2785 Quae,
703 2705 933 2772 misen'oordia
945 2711 1036 2770 moia
1049 2727 1152 2793 super
1165 2730 1297 2790 omnes,

308 2808 384 2875 illos
406 2811 582 2876 semivivos
610 2812 712 2872 evasit
733 2813 771 2872 in
797 2797 911 2870 altum.
963 2804 1049 2885 Qui,
1077 2818 1157 2892 post
1180 2808 1296 2875 cibum

309 2908 590 2985 convalescentes,
614 2911 652 2970 in
665 2907 871 2974 Christianos
890 2910 1038 2986 irruere,
1063 2919 1111 2986 et,
1134 2905 1298 2996 navigan·

309 3021 359 3074 tes
372 3013 409 3072 in
422 3012 580 3095 patriam,
607 3005 830 3082 Christianos,
843 3014 957 3068 tantae
978 3012 1140 3072 evasionis
1162 3031 1297 3091 causas,

310 3108 354 3175 ad
368 3111 558 3170 continuam
572 3123 717 3189 posuere
731 3108 934 3169 servitutem.
968 3106 1035 3170 Hic
1051 3113 1173 3174 etenim
1188 3109 1297 3176 falco-

310 3228 370 3274 nes
383 3211 421 3272 in
435 3226 524 3272 anno
541 3204 653 3292 pullos
664 3209 820 3271 nutriunt
832 3203 920 3272 infra
932 3209 1138 3276 immeabiles
1154 3215 1260 3298 ripas.

774 3553 837 3624 30.

314 3669 535 3778 Aristoteles
554 3719 694 3796 propter
714 3729 877 3797 aquarum
899 3713 1134 3784 abundantiam
1147 3714 1297 3804 Hydrus

314 3833 393 3882 som
404 3811 492 3880 hauc
505 3815 665 3893 nominat,
679 3811 770 3902 quod
784 3812 884 3882 latine
896 3818 1074 3904 aquatico
1088 3829 1193 3886 sonat
1219 3819 1298 3898 Dee
