2728 5186
1037 470 1120 556 ‚scr

160 677 279 737 septum
293 665 406 736 regium
419 665 542 733 includi,
561 675 589 721 ct
608 682 724 738 parram
740 663 880 737 Sophiam
903 665 1056 738 appellari,
1076 683 1124 720 au·

162 764 212 805 tor
226 764 270 806 est
288 749 399 820 cytisus
413 755 445 805 in
460 751 490 805 C.
501 751 531 806 P.
545 753 565 806 1.
574 753 600 807 3.
616 770 640 806 c.
652 755 679 808 2.
715 754 810 808 Altera
823 753 914 808 Aedes
928 753 964 806 Ι).
974 752 1074 808 Irenae
1090 757 1123 806 in

161 837 189 894 7.
201 841 332 908 Regione
347 843 449 908 extitit,
468 851 500 892 ut
514 843 602 895 estin
615 844 705 896 veteri
717 840 798 893 urbis
812 840 1013 910 descriptione.
1037 813 1254 906 Hanop·186·‘

162 925 331 980 Marcianus
351 927 424 996 Imp.
447 926 629 994 condiderat,
654 929 699 980 uti
718 926 827 982 discere
849 937 892 980 est
914 943 952 980 ex
970 924 1071 976 Νίσαια
1087 927 1122 982 iri

163 1011 303 1066 Manuale
318 1015 339 1064 1.
347 1013 373 1067 3.
388 1029 418 1064 ιι.
426 1014 454 1068 7.
467 1031 532 1080 sau,
555 1026 587 1066 ut
605 1015 710 1066 volunt
727 1013 886 1081 Synaxaris
899 1013 935 1066 ad
950 1013 1122 1080 Memmii,

160 1099 190 1151 S.
198 1097 440 1168 Xenophon,qui
455 1099 557 1153 eodem
571 1100 718 1153 Marciano
732 1103 891 1170 imperante
909 1102 993 1153 vixit.
1020 1100 1121 1154 Tertia

160 1184 290 1253 denique
304 1184 395 1238 Aedes
408 1184 444 1237 D.
453 1185 554 1242 Irenae
569 1203 647 1239 sacra
661 1203 694 1239 ea
708 1197 759 1256 est,
780 1203 869 1254 quam
878 1186 949 1240 Iust.
962 1185 998 1238 sd
1012 1187 1121 1240 ostium

159 1273 244 1324 sinus
267 1270 389 1324 Cerativi
412 1274 576 1328 aedificasse
597 1286 680 1328 sutor
702 1284 744 1326 cst
766 1271 883 1338 Procop.
902 1273 924 1326 1.
939 1275 964 1326 1.
979 1269 1119 1325 donent.

158 1357 233 1408 lust.
255 1372 341 1424 quam
361 1356 541 1426 Theophanes
556 1361 713 1414 dedicatam
726 1355 815 1412 fuisse
832 1362 872 1411 ait
885 1359 968 1412 A.25.
983 1357 1119 1415 Iustinia-

158 1445 203 1494 ni.
237 1439 343 1493 Extitit
356 1455 501 1513 praeterea
514 1449 547 1498 in
562 1445 643 1516 Sycis
659 1444 749 1498 Aedes
764 1443 800 1496 D.
808 1445 917 1510 Irenae,
935 1444 969 1498 de
987 1461 1044 1512 qua
1061 1441 1120 1496 m·-

157 1527 238 1595 coplr.
258 1525 328 1578 Gall·
346 1529 366 1582 1.
381 1530 408 1586 8.
427 1547 452 1585 c.
468 1535 494 1590 6.
529 1531 620 1586 Porro
635 1533 762 1604 priorem
777 1530 876 1584 aedem
888 1530 938 1586 hic
953 1531 1041 1582 innui
1056 1529 1119 1590 axi·

158 1619 257 1670 stimo.

127 1701 158 1756 S.
179 1703 369 1768 Lazarus]
404 1700 614 1760 Monasterium
632 1701 661 1758 S.
675 1703 776 1758 Lazari
792 1700 922 1756 condidit
939 1701 999 1756 Leo
1018 1701 1117 1764 Philo·

157 1788 288 1860 scphus,
306 1787 459 1843 Monachis
473 1791 624 1846 Eunuchis
645 1794 677 1844 in
696 1791 902 1857 committatis,
927 1787 979 1844 ubi
994 1806 1116 1859 corpora

158 1878 247 1928 etiarn
263 1875 292 1928 8.
301 1875 401 1932 Lazari
423 1887 452 1930 ct
468 1877 498 1931 S.
512 1877 621 1931 Mariae
640 1876 826 1945 Magdalenae
847 1893 884 1928 ex
906 1875 1003 1945 Cypro
1023 1872 1116 1938 11111-

137 1961 265 2032 ·thynia
291 1962 374 2014 allata
399 1961 548 2034 deposuit,
579 1977 624 2018 ut
641 1977 726 2018 sutor
755 1976 797 2018 est
827 1965 883 2014 Iaso
909 1960 1116 2012 Grammaticus

155 2050 258 2120 pseu,
271 2047 332 2104 481.
347 2059 376 2102 et
390 2065 428 2102 ex
441 2065 476 2102 ec
497 2049 619 2101 vodinus
638 2054 671 2104 in
687 2049 801 2119 Origin.
821 2068 849 2121 p.
863 2048 907 2104 63.
941 2045 1028 2101 Haud
1047 2064 1115 2118 pro·

154 2136 206 2190 cul
228 2154 244 2188 a
264 2134 373 2188 Palatio
391 2134 664 2190 Constantinianum
686 2137 762 2189 illud
781 2137 880 2188 statuit
897 2133 974 2186 idam
991 2132 1115 2184 vodinus

155 2222 233 2294 pto
252 2231 280 2275 et
294 2218 338 2276 41.
376 2217 561 2288 ΡασΙιγηιπω
578 2240 649 2277 vero
668 2221 729 2276 MS.
742 2224 763 2276 1.
776 2222 804 2276 9.
826 2238 850 2275 c.
867 2220 908 2276 16.
926 2221 1011 2272 iuxta
1029 2216 1112 2272 urhis

154 2325 270 2362 muros}
298 2309 361 2376 μιᾶς
375 2306 404 2360 di
420 2310 469 2375 τῆς
488 2309 557 2363 amu
577 2308 628 2378 τὴν
645 2309 731 2380 μονὴν
745 2311 778 2362 rai
791 2307 853 2376 dria
871 2304 981 2375 Λαζὰρυ
1001 2305 1113 2366 πυλίδος

155 2394 338 2460 ἀνοιχθείσης.
1067 2434 1070 2442 ,

123 2480 330 2549 chironius]
364 2480 449 2533 Nihil
463 2486 604 2536 succurrit
621 2483 655 2537 de
677 2481 765 2536 hacce
783 2479 869 2535 Aede.
903 2477 942 2544 [1ο
956 2477 1035 2547 Krios
1047 2495 1110 2547 prat,

155 2584 210 2636 pro
231 2566 278 2628 τῆς
296 2567 416 2633 Κυρίας,
441 2569 521 2634 sopio
538 2583 609 2635 μας,
633 2567 767 2620 dominae
788 2579 918 2634 nostrae,
942 2567 1021 2635 quod
1037 2577 1111 2622 esset

156 2651 330 2721 Cyriotissae
345 2654 566 2719 monasterium,
583 2655 616 2704 in
629 2651 696 2706 ct.
710 2651 772 2706 chr.
788 2650 842 2708 tt.
860 2671 884 2705 c.
892 2653 918 2708 8.
934 2654 1014 2711 nn.
1053 2653 1102 2726 S.]

121 2737 241 2806 Busa]
276 2737 321 2791 De
337 2755 394 2806 qna
407 2737 533 2791 diximus
548 2755 644 2809 supra.

121 2825 261 2874 Petrus
280 2832 314 2873 st
334 2823 487 2892 Paulus]
521 2825 596 2878 vide
612 2825 717 2878 Notata
731 2824 766 2878 sd
779 2824 914 2898 pag.482
927 2824 1083 2882 Alexisdit.

120 2910 155 2961 X
163 2911 198 2958 Ι..
225 2909 447 2980 Martyrum]
482 2909 527 2966 Dc
547 2910 602 2966 hac
619 2911 697 2966 Aede
717 2911 781 2968 fuse
803 2914 914 2982 egimus
935 2911 1108 2984 adm-52·

149 2996 282 3051 Alexiad.

114 3081 170 3136 An
179 3083 342 3153 asturis]
377 3083 510 3139 Habuere
524 3084 680 3140 Noratiani
697 3085 835 3142 haeretici
849 3087 874 3143 7.
890 3085 1024 3139 ecclesias
1035 3079 1106 3142 (tt.

151 3187 275 3238 quarum
289 3175 443 3243 praecipua
463 3171 519 3225 fuit
536 3175 569 3225 in
585 3189 618 3226 ea
631 3171 712 3225 urbis
726 3187 820 3242 parte,
842 3170 1049 3243 quaePslorgr'
1064 3170 1105 3226 di-

152 3255 282 3324 cebatur,
308 3275 395 3328 quam
408 3259 546 3330 Episcopi
559 3259 873 3333 constantinopolitani
891 3261 975 3311 iussu
989 3258 1105 3312 Armeni

149 3341 282 3397 {unditus
307 3345 468 3398 diruerunt.
517 3345 672 3398 Noratiani
701 3365 771 3400 rero
800 3351 862 3401 cius
885 3344 989 3398 rudera
1016 3342 1104 3413 sycas
1137 3345 1139 3353 ⁴

148 3429 368 3499 transferentes,
396 3432 480 3485 sliam
494 3431 536 3484 ibi
556 3443 763 3501 extruxerunt,
799 3445 827 3487 et
844 3443 959 3486 mortuo
978 3441 1103 3500 postmo-

149 3513 219 3567 dum
236 3515 420 3585 Constantio,
446 3535 462 3570 a
476 3519 590 3571 Iuliano
607 3517 771 3574 facultatem
789 3523 980 3590 impetrarunt
996 3517 1103 3572 resedi·

147 3600 254 3655 finandi
268 3603 425 3657 Ecclesiam
440 3605 473 3656 in
492 3604 594 3660 eodem
608 3608 691 3675 loco,
709 3605 761 3659 nbi
777 3616 906 3671 steterat,
929 3606 1015 3672 eique
1028 3603 1103 3658 Aua·

145 3690 247 3742 stasiae
263 3705 370 3742 nomen
384 3692 595 3761 imposueiunt.
629 3693 672 3746 Ita
691 3693 819 3743 Socrates
833 3691 889 3746 l.2.
905 3693 979 3747 c.30.
1015 3689 1103 3742 Sozo-

147 3789 242 3824 rnsnus
257 3775 277 3828 1.
287 3773 313 3831 4.
333 3793 356 3829 c.
372 3777 414 3832 19.
433 3789 461 3832 et
477 3778 651 3846 Niupdorus
665 3780 686 3830 1.
695 3779 721 3834 9.
743 3775 819 3834 niz).
836 3779 857 3830 l.
866 3777 907 3832 10.
921 3796 946 3831 c.
956 3779 983 3832 5.
1016 3777 1101 3831 Unde

144 3859 222 3913 idem
241 3862 370 3913 Socrates
383 3863 437 3920 1.7.
460 3881 483 3917 c.
492 3865 535 3919 39.
550 3873 578 3918 et
596 3863 703 3916 Paulus
721 3864 804 3914 Dios·
819 3867 839 3917 l.
854 3863 895 3920 14
928 3863 1002 3916 Hist.
1017 3863 1101 3920 Miso.

143 3944 300 4000 Ecclesiam
309 3950 391 4000 istam
404 3949 438 4002 ad
446 3949 606 4020 Pelasgum,
624 3950 888 4012 „Novasr'anorum“
906 3962 1017 4004 vocant.
1036 3951 1101 4006 Alia

142 4047 211 4086 rero
232 4031 281 4088 hic
296 4035 441 4092 innuitur
456 4036 614 4110 Anastasis,
636 4055 688 4093 seu
701 4037 862 4092 Anastasiac
878 4039 999 4094 nominc
1013 4035 1100 4098 dona·
