2738 5184
957 485 1031 560 13³

38 695 160 754 mons,
185 675 244 741 ubi
257 671 371 742 Aulis
384 671 492 738 insula
510 684 575 752 est,
597 677 633 740 in
648 699 711 764 qua
726 675 917 766 Estgeoia,
933 676 1030 767 ‘Aga-
1074 685 1078 698 '

39 782 234 842 memnonis
249 777 327 855 filia,
346 787 416 840 erat
431 774 644 840 sacrificanda
658 784 789 844 numini
802 780 941 862 Dianae,
963 787 1031 847 ira-

42 893 94 944 tae
115 889 259 965 propter
278 880 367 942 cervi
385 885 544 955 mortem,
567 889 605 942 ut
625 889 740 944 contra
761 880 928 946 Troianos
948 905 1031 969 pro-

39 1002 161 1067 speros
172 978 333 1044 haberent
344 987 477 1058 ventos,
499 977 561 1050 sed¹
571 984 783 1044 miseratione
798 989 946 1048 numinis
955 984 1030 1049 Eti-

40 1085 142 1167 genia
164 1080 291 1146 sublata
309 1100 442 1144 cervam
461 1084 705 1166 superpositam
727 1081 929 1149 sacrificavit.
971 1083 1031 1150 Ad

40 1180 222 1246 meridiem
248 1184 360 1245 civitas
389 1189 438 1244 est
465 1186 573 1265 posita
603 1192 634 1246 et
660 1181 900 1246 aLombatdis
923 1207 1030 1272 usque

40 1304 138 1346 nuno
156 1279 316 1360 habitata,
340 1284 398 1369 qui
414 1279 471 1344 diu
487 1277 542 1344 hic
555 1302 692 1359 venere,
715 1291 746 1344 et
761 1280 861 1347 hodio
881 1283 1030 1350 aVene-

40 1388 85 1446 tis
101 1381 302 1470 possidetur.
344 1379 440 1464 Haec
458 1381 553 1444 litero
568 1381 673 1447 rubea
687 1393 821 1448 centum
834 1383 1000 1476 importat.

435 1557 644 1574 Μ

510 1748 573 1820 79.
636 1820 641 1828 .

0 1940 3 1955 ,
112 1888 266 1954 Christus
281 1886 490 1954 achrismate
504 1887 635 1969 dicitur,
648 1912 728 1976 ergo
741 1913 760 1956 a
775 1889 908 1956 Christo
926 1890 1030 1956 Chri-

42 1997 143 2060 stiani
157 2013 332 2070 vocamur,
356 1994 433 2078 quia
448 1987 625 2055 chrismate
637 1998 805 2078 ungimur.
849 1993 893 2056 Et
907 1991 1029 2058 Graeci

40 2117 153 2183 neque
178 2092 324 2159 ohn'sma
348 2111 457 2178 neque
486 2091 599 2156 oleum
625 2103 777 2156 sanctum
800 2091 939 2172 habent,
962 2099 1028 2158 nisi

42 2196 155 2285 quod,
175 2194 340 2282 baptizato
353 2213 460 2280 puero
476 2196 513 2254 in
532 2195 672 2258 sindone
685 2193 811 2258 munde
825 2217 904 2258 eum
916 2194 1028 2260 invol-

41 2309 144 2377 vunt,
164 2309 289 2362 etcum
306 2294 438 2381 saleque
453 2292 527 2358 oleo
540 2299 663 2381 pattini
677 2295 914 2360 circumdando
930 2292 1028 2360 fron-

40 2413 113 2466 tem
133 2409 336 2486 perungunt.
360 2433 404 2446 -
446 2395 495 2460 Sit
520 2403 631 2484 itaque
651 2395 727 2460 finis
748 2419 767 2460 a
786 2397 904 2474 mode,
931 2406 1029 2484 post-⁸

42 2525 147 2590 quam
167 2501 291 2564 insulas
313 2503 413 2563 totius
426 2496 643 2584 Archipelagi
655 2503 691 2560 in
710 2497 768 2562 IV.
783 2502 897 2583 peregi
913 2504 1025 2577 annis,

41 2611 230 2690 timoreque
250 2607 412 2666 anxietate
432 2603 551 2674 nimia,
572 2609 603 2662 et
617 2599 659 2672 ad
671 2597 857 2684 Aeginam
871 2597 958 2684 hanc
971 2604 1026 2662 in-

42 2706 170 2784 sulam,
193 2702 251 2768 ubi
266 2714 365 2790 caput
378 2701 426 2766 Sti
443 2699 594 2784 Georgii
615 2698 770 2763 adoratur
785 2703 821 2761 in
844 2709 1026 2785 conspeetu

41 2809 120 2873 urbi
135 2805 297 2884 Athenis,
319 2809 482 2868 venimus.
524 2798 570 2862 Et
580 2797 635 2862 hid
648 2797 800 2861 navicula
815 2808 947 2862 nostrae
960 2803 1027 2862 im-

40 2909 181 2974 becillae
194 2911 409 2992 navigationis
424 2905 562 2988 portu'm
575 2897 706 2963 futurae
720 2902 932 2962 recreationis
947 2919 1026 2964 cum

41 3011 147 3076 salute
167 3012 302 3096 aceepit.
344 3005 461 3070 Rubea
475 3004 571 3068 litera
584 3003 700 3066 decem
715 3005 882 3087 importat.

428 3183 638 3198 β

486 3375 568 3465 so.

0 3569 5 3602 t
24 3589 34 3611 .
88 3533 334 3626 ,christoforus
349 3556 411 3621 ego
425 3536 625 3610 eusanium,
631 3529 818 3598 venerande
831 3529 939 3606 Pater,
951 3533 1026 3615 pri-

36 3667 135 3712 mum
157 3640 218 3704 tibi
237 3637 428 3702 affectanter
447 3641 541 3713 misi,
563 3645 601 3700 ut
617 3636 733 3696 notitia
751 3630 939 3695 insularum
952 3627 1026 3714 Cy-

36 3746 192 3821 cladum,
224 3738 381 3816 Iordane,
418 3736 574 3801 omnibus
603 3755 665 3820 per
692 3729 849 3796 tefuerit
875 3729 1026 3793 indicata.

35 3849 144 3912 Nune
165 3855 293 3920 autem,
316 3850 493 3927 postquam
508 3839 613 3920 magis
634 3840 669 3897 in
683 3830 831 3919 panibus
854 3851 927 3892 sum
947 3848 1027 3912 per-

37 3956 208 4024 scrutatus
225 3943 299 4024 diu,
323 3938 503 4005 secundam
525 3939 749 4023 copiosiorem
770 3936 868 3995 etiam
887 3929 946 3994 tibi
958 3927 1026 3993 'de-
