2764 5182
230 397 319 473 v24

267 613 333 670 tae
349 593 624 670 declinationis
642 607 831 694 usurpata
848 614 921 692 pro
943 591 1165 670 nominibus
1190 619 1254 670 se·

269 731 445 823 eundae,
473 731 635 808 omnino
651 729 960 804 declinationum
976 736 1166 804 seimonis
1183 730 1253 806 be-

265 891 318 940 ne
344 867 457 940 latini
485 867 648 967 regulae
679 865 888 965 neglectae
897 893 910 964 3
950 865 1073 938 verba
1097 871 1252 967 passiva

267 1028 342 1102 pro
370 1003 526 1095 activis,
561 1021 600 1076 et
622 1007 712 1078 vice
735 1027 863 1090 versa;
902 1002 1049 1102 copula
1076 1030 1154 1102 que
1176 1031 1251 1103 pro

267 1155 312 1212 et
334 1157 539 1240 usurpata3
573 1142 750 1238 regimen
773 1141 1077 1240 praepositionis
1097 1142 1143 1210 in
1163 1167 1255 1214 cum

268 1272 397 1349 Ablat.
417 1293 457 1349 et
477 1301 567 1350 cunt
583 1276 726 1350 Aecus.
743 1299 898 1374 semper
917 1271 1135 1372 turbatum3
1161 1301 1253 1350 usus

268 1415 478 1514 possessivi
507 1411 754 1512 pronominis
785 1415 848 1484 sui
880 1436 971 1484 cum
1007 1415 1254 1510 pronominis

271 1551 358 1625 eius
373 1573 447 1622 usu
464 1548 669 1636 confusus3
694 1546 852 1646 aliaque
868 1546 911 1618 id
932 1571 1055 1648 genus
1073 1547 1253 1647 plurima.

269 1685 316 1756 Iu
334 1681 404 1756 illa
424 1686 617 1756 sermonis
638 1681 751 1754 latini
775 1679 956 1754 barbarie
981 1686 1082 1756 mire
1109 1683 1256 1758 discre-

269 1836 367 1918 pant
390 1817 568 1892 membra
589 1820 663 1892 ista
683 1817 838 1892 disiecti
860 1825 1007 1919 poetae
1031 1823 1189 1920 saepius
1213 1825 1256 1896 in

273 1971 482 2045 contextu,
516 1971 673 2053 praeter
701 1960 912 2054 poetarum
938 1953 1190 2032 laudationes
1216 1973 1257 2032 et

274 2091 552 2180 excitationes,
579 2086 707 2164 obvia.
1015 2139 1020 2168 ,

349 2287 539 2370 Graecae
556 2293 715 2394 linguae
739 2292 893 2368 tantilla
918 2313 956 2370 et
972 2293 1152 2398 aliqualis
1172 2315 1257 2372 erat

271 2431 349 2532 ipsi
370 2429 534 2532 peritia;
571 2447 611 2504 et
641 2431 799 2532 quidem
830 2458 911 2506 non
936 2459 1120 2532 graecam
1148 2434 1257 2508 illam

272 2584 476 2644 venustam
504 2565 678 2640 melioris
704 2571 790 2642 aevi
814 2567 989 2668 linguam
1013 2567 1151 2664 callet,
1187 2567 1259 2644 sed

273 2705 493 2802 incomtum
514 2701 646 2776 isthoc
670 2719 754 2779 tum
775 2707 964 2804 temporis
981 2705 1151 2800 idioma,
1180 2709 1260 2784 Co-

273 2863 378 2938 rayo
395 2835 590 2936 διορθωτῇ
609 2863 739 2938 egens,
764 2839 913 2914 idioma
929 2838 1144 2917 barbarum
1158 2842 1258 2942 fere,
1366 2831 1367 2842 ¹

275 2973 387 3075 quod
402 2970 614 3045 infeliciter
631 2975 810 3048 Graecus
828 2975 1000 3074 quidam,
1027 3003 1098 3053 sex
1113 2977 1259 3058 abhinc
1366 3051 1367 3078 ,

274 3125 367 3182 sunt
382 3109 487 3197 anni,
509 3103 771 3206 popularibus
787 3111 867 3184 suis
885 3135 969 3185 esse
979 3115 1155 3210 Homeri,
1167 3119 1260 3192 Pin-

276 3241 381 3334 dari,
410 3241 657 3342 aliorumque
677 3243 752 3316 τῶν
770 3237 875 3318 πάνυ
893 3245 1070 3348 linguam
1084 3251 1259 3352 probare

277 3377 511 3455 conabatur.
544 3417 601 3434 -
654 3378 894 3480 Quanquam
915 3409 968 3458 ne
993 3384 1074 3462 hoc
1099 3391 1261 3490 quidem

274 3514 424 3588 idioma
465 3512 568 3588 bene
602 3518 716 3590 novit
746 3515 1093 3618 Bondelmontius,
1135 3528 1179 3600 in
1212 3552 1261 3602 eo

275 3650 407 3767 multis
431 3675 453 3724 e
477 3648 763 3726 recentioribus
784 3651 998 3732 viatoribus
1020 3656 1260 3759 simillimus,

275 3786 416 3861 multas
447 3810 569 3862 voces
596 3787 757 3886 quidem
788 3785 924 3864 auditu
951 3795 1261 3898 comprehende-
1366 3791 1367 3808 ¹

276 3938 356 4016 rat,
384 3925 469 3997 sine
490 3925 679 3996 interiore
704 3928 838 4024 graeci
857 3933 1048 4020 sermonis
1066 3939 1260 4036 cognitio-

929 4171 938 4200 d
