2742 5182
298 435 372 553 ,10
443 545 449 556 .

290 650 413 716 magno
434 633 554 696 timore
580 627 774 694 Turoorunt
801 634 986 718 piratarum
1005 633 1176 719 vigilando
1199 656 1280 720 per⁴

290 741 435 796 noctant
479 729 633 810 Quarum
650 734 760 816 prima
772 729 827 809 11,
851 734 997 830 secunda
1010 735 1081 813 tlt,
1104 739 1200 800 tertia
1213 735 1278 816 X„

291 842 473 921 quartaque
494 835 608 918 quinta
627 829 686 896 IV.
706 836 764 896 cir.
786 835 843 896 mi.
881 832 926 898 'ln
945 840 1066 900 maiori
1086 841 1199 922 itaque
1223 859 1278 900 ea-

186 927 195 936 “
289 955 378 1012 rum,
388 955 466 1000 cum
480 931 662 1017 apartibus
677 931 788 996 Rhodi
803 943 837 997 et
848 931 962 998 versus
972 935 1097 1000 Chium
1109 943 1173 1000 iter
1187 935 1277 1000 face-

288 1055 373 1111 rem,
398 1043 494 1098 nocie
510 1031 812 1119 obscurissimeque
828 1033 980 1099 nimbosa
996 1040 1107 1114 nimis,
1131 1037 1277 1102 demisso

290 1133 444 1213 carbaso,
473 1141 510 1196 in
537 1144 676 1220 portum
703 1137 826 1197 intrare
851 1133 1038 1214 credentes,
1066 1142 1104 1200 in
1128 1139 1277 1224 scopulis

289 1241 384 1300 iuxta
401 1238 671 1322 promontorium
691 1239 840 1314 ruimus;
863 1233 946 1299 heu!
969 1237 1117 1300 cecidere
1138 1260 1278 1317 manus,

288 1343 368 1425 quia
388 1361 406 1402 a
425 1341 507 1421 ripis
527 1355 645 1399 navem
667 1334 761 1397 nullo
788 1335 890 1398 modo
914 1357 1068 1422 separare
1089 1343 1277 1424 potuimus.
1358 1323 1359 1336 ¹

290 1439 444 1525 Cumque
471 1436 536 1500 hoc
564 1457 791 1514 cerneremus,
825 1441 861 1499 in
891 1447 1014 1502 terram
1042 1437 1277 1502 descendimus

289 1562 421 1618 omnes,
445 1549 476 1602 et
498 1543 545 1601 sic
567 1557 629 1620 per
648 1535 842 1600 «nimbosam
862 1537 957 1602 illam
974 1545 1189 1603 transivimus
1212 1561 1276 1603 no·
1359 1559 1360 1626 ss

289 1650 393 1716 atem,
427 1639 532 1702 donec
554 1637 597 1702 ad
619 1635 731 1701 lucem
749 1643 902 1723 pervenit
928 1639 1008 1704 (lies.
1065 1639 1278 1705 Adveniente
1359 1679 1360 1698 1

288 1751 400 1806 autem
424 1761 560 1816 aurora,
589 1736 756 1824 nusquam
778 1741 922 1802 vidimus
938 1762 1079 1818 navem,
1109 1746 1188 1826 quia
1210 1746 1277 1806 iam
1359 1787 1360 1792 κ

288 1848 326 1908 in
347 1847 456 1905 imum
477 1839 699 1930 submerserat
720 1833 796 1902 iota
840 1839 906 1902 Sed
927 1853 1106 1927 postquam
1126 1841 1169 1903 ad
1189 1839 1277 1904 hanc

288 1949 508 2033 quintumque
524 1950 656 2003 sextum
671 1938 760 2004 diem
775 1945 845 2003 sine
859 1940 996 2005 Phoebo
1010 1947 1111 2005 vitam
1131 1947 1275 2004 transie-

288 2063 424 2119 ramus,
445 2041 487 2103 ad
508 2043 644 2128 aquam,
673 2062 757 2127 quae
786 2039 849 2104 fuit
873 2047 910 2105 in
935 2035 1123 2106 cavernosis
1151 2042 1276 2127 lapidi-

286 2143 369 2220 bus,
402 2161 500 2226 saepe
526 2161 799 2225 perveneramus,
830 2143 919 2206 unde
948 2143 1050 2229 aliqui
1077 2153 1274 2206 nostrorum

250 2319 251 2322 Ἴ
289 2239 435 2309 animam
455 2242 530 2305 Deo
551 2241 735 2307 reddidere.
786 2240 939 2328 Cumque
955 2243 997 2306 ad
1017 2246 1199 2329 septimum
1218 2264 1275 2306 ve·
1307 2299 1311 2306 .

286 2350 436 2410 niremus
467 2343 573 2418 diem,
603 2339 874 2416 etsubstantiam
900 2348 968 2407 iam
992 2341 1177 2407 herbarum
1203 2365 1275 2406 non

270 2451 512 2512 inveniremus
541 2443 583 2507 ad
612 2443 830 2520 vescendum,
860 2449 896 2506 in
923 2442 1068 2528 epileum
1095 2442 1274 2521 declinavi,

288 2537 464 2634 gladioque
485 2550 522 2608 in
542 2555 634 2632 petra
652 2563 776 2606 nomen
797 2543 923 2629 sculpsi
944 2565 1074 2608 meusne
1097 2543 1185 2624 „Hic
1202 2545 1275 2608 dira

286 2649 375 2715 fama
395 2645 656 2732 Christophorus
681 2654 835 2706 mortuus
858 2655 915 2708 est.
923 2651 943 2682 “
986 2644 1065 2708 Hoc
1087 2656 1201 2709 autem
1222 2643 1274 2708 fa-

285 2761 339 2815 cto
360 2756 441 2814 socii
463 2746 728 2812 convalescentes
751 2765 870 2808 navem
892 2743 1076 2811 ‘convocant
1094 2757 1275 2812 transeun-

285 2865 371 2933 tem,
393 2871 478 2939 quae
491 2847 556 2913 fuit
571 2869 670 2910 causa
683 2856 815 2910 nostrae
835 2845 959 2910 salutis.

671 3019 881 3041 ⁸·————u

750 3188 814 3264 56.

285 3339 484 3462 Liquimus
496 3377 569 3433 ium
581 3377 765 3455 portusque
784 3367 945 3432 desolatas
963 3365 1089 3432 insulas
1105 3375 1139 3431 et
1151 3366 1194 3430 ad
1207 3391 1274 3432 un-

200 3457 209 3468 *
285 3478 344 3542 das
364 3473 524 3538 Tenesne
547 3475 736 3554 ingressum
757 3474 902 3556 petimus
922 3470 1017 3549 laeti,
1038 3467 1114 3545 ubi,
1137 3491 1219 3533 cum
1236 3476 1273 3534 in

284 3601 323 3646 ea
338 3580 508 3670 venimus,
529 3591 651 3657 magno
672 3569 787 3636 laboro
807 3575 1014 3656 antiquitates
1033 3575 1120 3632 inter
1133 3591 1273 3656 vepres-

285 3703 350 3770 que
364 3674 531 3742 anfractus
546 3676 742 3759 reperimus.
777 3670 816 3734 In
833 3670 955 3757 quibus
969 3667 1115 3756 quidem,
1127 3679 1273 3756 propter

281 3787 421 3848 nimiam
437 3775 687 3840 fluctuationem
698 3782 875 3846 ventorum
886 3775 930 3858 ,in
948 3778 1045 3832 nocte
1060 3769 1271 3849 luctantium,

282 3895 441 3970 tanquam
456 3875 615 3942 scientiae
633 3873 738 3958 lapilli
752 3881 928 3948 coruscant
942 3875 978 3936 in
987 3859 1124 3958 'altum
1138 3882 1170 3934 et
1189 3893 1270 3935 sua-

282 3988 445 4051 vissirnae¹
455 3997 553 4046 voces
568 3979 747 4054 ventorum
758 3977 893 4061 interim
912 3971 1002 4052 infra
1020 3970 1220 4064 mbusculos
1232 3976 1275 4036 in
