2764 5182
304 758 414 861 'fluis
432 794 476 886 de
489 791 608 860 Ithaca.
639 793 693 859 De
713 793 944 886 Cephalania
958 779 1169 882 incipiamus.
1197 788 1291 874 Qua‘e

303 887 386 969 olim
403 901 647 992 Cephalonum
662 899 748 964 dicta
763 911 796 972 et
808 906 845 964 in
858 900 1030 966 montibus
1048 911 1125 965 tota.
1155 903 1290 992 Cepha·

300 1003 473 1092 ligraece,
495 1019 605 1087 caput
618 1000 729 1080 latine,
747 1006 825 1088 qnia
838 1011 975 1088 apparet
987 1007 1097 1066 nantis
1112 1000 1153 1066 ab
1170 1009 1289 1068 austris

300 1095 508 1172 ¹venientibus
532 1103 676 1166 rotunda
701 1102 792 1170 velut
819 1101 966 1168 hominis
989 1111 1106 1188 eaput,
1136 1093 1191 1170 vel
1213 1110 1289 1192 quia
1373 1177 1374 1194 χ

300 1229 321 1272 a
342 1217 492 1292 tempore
515 1203 745 1268 Troianorum
771 1223 879 1290 usqne
898 1201 1000 1266 hodie
1025 1215 1125 1289 caput
1148 1204 1289 1272 dominii

299 1306 489 1374 insularum
508 1311 648 1368 istarum
664 1301 746 1367 hace
767 1301 848 1381 fuit,
871 1314 904 1367 et
925 1303 1039 1368 titulus
1055 1305 1165 1370 ducati
1187 1305 1287 1372 huius

300 1407 342 1473 ab
365 1429 404 1471 eu
429 1403 614 1470 inchoatur.
669 1405 755 1490 Legi
780 1411 870 1472 euim
891 1411 927 1470 in
952 1411 1094 1493 antiquis
1119 1404 1286 1488 chronicis

299 1505 453 1596 Ulyxem
474 1507 594 1570 dttcem
608 1503 712 1592 fuisse
732 1513 878 1594 regionis
898 1506 1016 1583 huius,
1039 1518 1071 1571 et
1084 1528 1104 1572 a
1118 1506 1287 1597 Cephalo-

298 1614 356 1676 nia
376 1608 510 1672 titulum
531 1607 727 1693 inceptabat.
770 1609 864 1686 Quae
888 1607 1033 1673 rottmda
1055 1615 1087 1672 et
1104 1613 1141 1673 in
1159 1614 1286 1673 monti*

297 1709 362 1774 bus
384 1729 502 1796 aspera
515 1705 553 1771 C.
572 1713 630 1771 cir.
643 1711 735 1796 mil.¹
757 1707 862 1777 Cuius
878 1717 914 1774 in
930 1707 1041 1774 medio
1062 1727 1161 1773 mons
1180 1709 1283 1774 elatus

208 1842 218 1860 ·
296 1797 571 1897 ¹crigitu1·,hodie·
592 1807 684 1886 Leo,
706 1817 778 1874 sine
798 1809 1003 1896 flumineque
1027 1809 1283 1896 scaturiginibus

295 1930 470 2002 aquarum,
493 1909 622 1974 dicitur.
665 1911 704 1974 In
718 1931 784 1998 qno
798 1910 978 1975 multitudo
991 1909 1214 1998 fagot'umque
1228 1917 1285 1998 pi-

292 2021 501 2100 norum'per
521 2017 699 2090 circuitum
719 2020 914 2098 insurgunt,
939 2021 988 2090 ct,
1010 2013 1101 2101 quod
1117 2013 1195 2099 plus
1217 2025 1282 2092 est,

294 2109 457 2179 'silvestti'a
470 2135 539 2186 non
552 2133 674 2199 pauca,
697 2120 840 2178 errantia
861 2118 931 2176 siue
945 2124 1044 2200 potu,
1068 2124 1100 2176 et
1114 2132 1283 2201 nusquam

293 2236 416 2304 aquam
429 2220 645 2293 invenientia,
669 2238 727 2279 ore
742 2225 856 2302 operto
872 2235 989 2304 auram
1004 2236 1022 2276 e
1036 2215 1206 2278 montibus
1224 2237 1282 2280 re-

294 2321 423 2403 cipiunt
441 2319 479 2378 in
499 2326 618 2401 potum
642 2326 761 2401 aestate
784 2315 852 2380 illa.
902 2314 1080 2402 Serpentes
1106 2321 1228 2380 etenim
1248 2327 1283 2380 et

291 2416 422 2508 aspides
434 2412 483 2499 ibi
499 2421 730 2494 inveniuntur,
755 2421 828 2504 qui,
850 2416 997 2480 calorem
1016 2421 1193 2480 sentientes
1212 2415 1281 2481 hu-

263 2523 447 2594 ',1nanum,
470 2521 540 2581 sine
556 2515 701 2582 laesione
716 2539 794 2582 cnm
810 2539 849 2582 eo
867 2513 1048 2581 dormiunt.
1091 2513 1151 2581 Aa
1167 2523 1282 2582 orien-

289 2627 358 2684 tem
377 2639 456 2682 vero
479 2624 515 2685 in
537 2617 634 2684 litore
649 2619 816 2684 Francisci
839 2618 1013 2684 ecclesiam
1027 2619 1280 2695 adoramus,‘et

290 2717 332 2784 'ab
349 2741 388 2785 eo
404 2720 626 2802 aedificatam,
649 2726 766 2810 quoin
782 2719 880 2785 hotto
899 2725 1011 2784 omnia
1025 2719 1134 2784 dttlciu
1146 2719 1281 2807 produ·-

288 2820 391 2888 cebat.
450 2821 527 2887 Fuit
549 2828 647 2887 ctiam
673 2823 784 2888 insula
807 2821 889 2887 haec
915 2825 1009 2909 quasi
1034 2820 1152 2887 ultima
1174 2843 1280 2908 quam

287 2934 440 3010 tempore
458 2921 539 2988 belli
555 2923 766 2990 Macedonici
780 2923 924 2989 Romani
945 2935 1107 3008 ceperunt
1124 2929 1161 2988 in
1181 2923 1279 2990 dedi-

286 3031 422 3090 tionem.
465 3021 523 3088 Ad
550 3025 728 3088 occiduum
756 3042 835 3108 crgo
864 3021 1065 3090 Viseardus
1085 3035 1222 3111 portus,
1256 3045 1279 3091 a

285 3123 435 3191 Roberto
455 3123 638 3200 Viscardo,
669 3123 805 3190 domino
826 3121 989 3212 Apuliae,
1019 3124 1144 3202 dictus,
1169 3128 1278 3214 appa-

285 3236 346 3290 ret
396 3221 436 3289 In
456 3246 521 3314 qua
547 3223 628 3290 olim
652 3223 813 3296 Petilia,
841 3225 902 3289 nbi
934 3223 1072 3302 Chilon,
1102 3226 1277 3292 Lacedae-

285 3333 421 3391 monius
443 3319 682 3414 philosophus,
696 3325 873 3415 aliquibus
896 3331 991 3389 annis
1013 3331 1114 3404 stetit,
1136 3339 1174 3392 nt
1195 3329 1278 3394 dicit

285 3425 520 3514 'Epiphanius
538 3425 719 3514 Cypricns,
746 3431 905 3490 ettoniae
927 3432 1049 3491 exstitit
1069 3433 1276 3494 auctoritatis

282 3527 546 3617 industriaeque,
568 3525 658 3615 quod
673 3532 709 3590 in
724 3526 849 3615 templo
863 3524 1035 3614 Apollinis
1052 3535 1162 3592 aureis
1181 3529 1278 3594 titte-

282 3633 329 3694 ris
349 3627 432 3694 haec
452 3629 553 3696 scribi
574 3629 666 3692 fecte
698 3628 811 3692 Nosce
828 3639 859 3691 te
878 3633 1000 3716 ipsum.
1045 3627 1151 3692 Citius
1170 3649 1278 3716 prac-

283 3735 370 3818 cepti
389 3739 478 3796 tantu
494 3735 544 3794 vis
561 3715 624 3806 est,
646 3740 685 3794 nt
699 3728 813 3794 scribit
836 3732 982 3800 Cicero,
1007 3750 1091 3816 quae
1105 3729 1190 3803 nulli
1204 3730 1276 3796 ho-

281 3836 414 3898 minum
434 3829 608 3900 ttibuetur.
654 3827 745 3896 Cum
764 3835 853 3895 anim
873 3830 967 3895 dicit:
995 3849 1097 3894 nosce
1116 3840 1165 3908 te,
1194 3840 1275 3900 ani.

281 3928 373 4000 mam
392 3939 485 3998 tuam
506 3929 674 4017 intelligit,
698 3952 760 4000 neo
779 3930 942 4014 intellexit
956 3930 996 3998 de
1010 3931 1189 4014 membris,
1203 3946 1275 4010 ,aut
