2742 5182
1023 445 1096 524 111

110 641 249 710 attubus
277 644 482 711 audientium
505 649 764 736 percipiuntur.¹
795 644 971 736 Valdeque
994 665 1095 716 mun.

108 755 224 829 tuose,
245 746 292 814 X.
308 753 365 812 cir.
381 753 438 812 mi.
510 791 512 798 t
622 757 625 762 ¹
735 765 738 769 -
797 769 800 776 .

572 1092 635 1170 57.

108 1237 219 1338 Juxta
235 1271 358 1338 Chium
380 1271 422 1337 ad
441 1270 619 1336 occiduum
634 1271 754 1337 Psara
767 1269 887 1336 dicitur
906 1295 1039 1360 graece,
1060 1286 1095 1342 et

108 1375 210 1440 latine
223 1377 387 1462 piscator
402 1379 646 1458 interpretatur.
685 1371 762 1452 Quo
776 1379 811 1436 in
825 1379 930 1456 spatio
944 1375 1020 1441 XII.
1033 1382 1092 1444 mi.

111 1475 278 1563 oppidum*
290 1473 497 1560 insurgebat,
520 1484 568 1551 et,
590 1495 668 1539 cum
684 1475 725 1540 ed
740 1474 976 1541 desolationem
993 1478 1094 1542 deve⁴

108 1583 212 1654 niret,
236 1579 334 1640 etiam
348 1576 528 1640 domesticu
541 1597 641 1661 quam
656 1575 752 1662 plura
768 1576 929 1642 indomita
949 1589 1027 1642 sunt
1040 1577 1092 1642 ef-

107 1676 204 1743 fecta.
248 1673 371 1742 Coram
391 1681 501 1764 itaque
520 1673 583 1740 bac
603 1677 736 1760 scopuli
747 1675 925 1764 parantur,
945 1689 977 1744 et
993 1683 1040 1743 sic
1054 1685 1091 1744 in

106 1783 263 1865 ipsorum
283 1777 394 1842 medio
413 1787 532 1864 portus
554 1787 673 1857 exstat,
696 1782 732 1840 in
754 1799 821 1866 quo
844 1776 980 1844 biremis
995 1777 1090 1844 Tur-

107 1902 227 1944 eorum
243 1878 345 1942 semel
360 1883 527 1965 pervenit,
550 1901 650 1965 qnae,
673 1888 711 1942 ut
725 1900 839 1942 secure
855 1889 994 1966 propter
1005 1885 1090 1944 insi-

106 1981 177 2044 dias
185 1978 453 2046 Christianorum
469 1983 506 2042 in
520 1989 616 2043 necte
631 1990 789 2058 maneret,
802 1979 843 2043 ed
853 1979 951 2044 aliurn
965 1991 1089 2044 secrete

103 2091 235 2170 partem
255 2079 355 2143 haim
375 2084 512 2143 accessit
524 2080 668 2160 insulae,
690 2089 738 2158 et,
763 2079 844 2143 dum
864 2090 1089 2166 pernoctaret,

103 2183 195 2248 illice
209 2181 351 2258 Boreas,
372 2185 513 2245 emissus
529 2179 569 2245 ab
586 2191 697 2258 entre,
719 2201 839 2244 navem
856 2181 1039 2266 submergit
1051 2187 1088 2249 in

101 2289 223 2348 imum.
267 2281 374 2345 Turci
395 2303 491 2361 vero,
522 2287 688 2367 perterriti
709 2293 740 2345 et
758 2303 820 2367 per
840 2282 985 2346 insulam
1008 2305 1088 2368 per-

102 2381 328 2457 ambulantes,
351 2388 527 2471 usinosque
549 2405 643 2469 aegas
666 2405 733 2446 una
756 2383 920 2448 silvestres
942 2389 1007 2448 cito
1029 2406 1088 2449 eeh

101 2492 218 2572 pinni,
241 2493 272 2546 et
285 2504 400 2546 carnes
415 2482 548 2548 illarum
568 2485 699 2548 edentes
714 2483 896 2548 bestiarum
909 2490 998 2549 corio
1012 2485 1089 2571 ple-

100 2604 148 2650 na
171 2588 260 2648 venti
287 2585 491 2650 ordinavere.
532 2583 601 2650 Ubi
629 2586 877 2648 adnumerum
903 2603 1087 2672 pervenere

102 2695 273 2773 optatum,
302 2683 401 2770 lignis
423 2689 684 2772 circumpositis,
713 2705 816 2769 super
832 2689 1001 2770 navigium
1021 2683 1087 2750 tale

103 2785 285 2850 consedere
299 2796 332 2850 et
344 2807 459 2850 versus
470 2784 631 2849 Turciam
645 2805 789 2870 propere
801 2789 838 2848 in
850 2805 993 2848 numero
1004 2783 1085 2850 XL.

101 2909 176 2951 non
199 2885 360 2951 desistunt
386 2889 550 2972 navigare.
600 2881 689 2950 Cum
714 2879 825 2972 itaque
847 2905 911 2973 per
934 2885 1086 2953 triduum

98 2988 236 3052 tandem
251 3007 359 3074 prope
373 2983 554 3051 Thraciam
575 2986 755 3050 studiosius
776 2985 1004 3064 devenientes,
1022 3007 1086 3052 ne-

98 3088 212 3154 uicule
237 3109 297 3152 sex
314 3085 497 3162 ¹bominum
520 3109 577 3154 eos
595 3091 715 3153 invasit
733 3093 766 3150 et
787 3084 829 3150 ad
849 3094 969 3151 tutare
987 3109 1087 3153 man-

99 3189 229 3255 devere.

395 3362 401 3370 ,
484 3350 694 3368 m

548 3491 624 3610 ¹ta.

99 3640 260 3741 Insulam
281 3676 397 3742 Chion
410 3685 489 3762 poet
504 3673 591 3742 hene
606 3680 794 3754 visitamus,
819 3693 920 3762 quem
934 3673 1083 3746 Plinius

97 3778 248 3866 Syiisior
268 3788 301 3842 et
320 3773 472 3842 Assenso
497 3783 657 3843 nominet.
718 3776 851 3842 Deinde
872 3773 974 3839 Chios
995 3777 1082 3844 dieta

95 3889 172 3955 est,
186 3879 278 3964 quod
290 3878 404 3964 lingua
416 3877 535 3968 Syrien
556 3880 677 3955 chios,
704 3880 841 3944 mastia:
857 3875 959 3940 latine
974 3880 1081 3941 inter·

93 3989 256 4070 pretamr.
297 3979 345 4046 Et
363 3985 400 4046 in
420 3976 557 4068 Aegaea
578 3986 640 4048 site
659 3985 761 4065 mari,
787 3997 895 4069 prope
912 3982 1083 4048 minorem
