2742 5182
281 497 334 572 96

282 692 339 759 bet
358 687 391 758 el
408 709 472 780 pro
496 695 565 756 suis
589 696 791 758 necessariis·
804 691 848 758 ud
867 679 1012 757 insulam
1025 689 1130 758 Poros
1146 679 1269 781 cymba

284 815 345 858 suu
361 787 544 879 nuviqubut.
588 793 691 860 Nunc
708 806 797 860 certe
817 815 938 878 magne
958 796 1138 860 mullitudo
1154 803 1268 860 urium

283 894 440 960 omnibus
455 895 577 960 habitet
589 895 795 982 temporibus
811 905 842 958 et
854 916 915 980 per
929 917 1008 960 saxa
1026 897 1116 962 uude
1130 898 1268 962 diebus-

284 1018 350 1086 que
365 995 518 1060 noctibus
535 1006 707 1060 transeunt
722 996 893 1063 ululando.
980 1005 982 1008 ’
1005 989 1009 998 ’

747 1345 810 1417 er.

287 1445 396 1552 'Tute
410 1491 497 1552 inter
512 1477 737 1574 Cycladermn
751 1489 877 1552 insulas
890 1486 1022 1556 Naxos
1035 1487 1177 1576 habetur
1191 1514 1271 1556 cum

283 1587 436 1654 LXXX.
450 1593 507 1653 mi.
522 1593 580 1652 cir.
624 1581 771 1654 Plinius
787 1594 887 1676 igitur
902 1595 1033 1676 primus
1049 1591 1269 1678 Strongylen

283 1685 416 1776 praece,
436 1690 535 1754 latine
558 1689 753 1754 rotundam
777 1712 851 1754 cem
871 1703 981 1772 vocut3
1007 1691 1158 1757 Ovidius
1176 1693 1271 1757 Dio·

285 1795 428 1878 nysiam
451 1815 470 1856 a
490 1791 654 1874 fertilitate
676 1795 867 1870 vinemum3
890 1791 945 1855 ulii
964 1793 1131 1858 Siciliam
1152 1795 1272 1857 mino·

284 1917 359 1959 rem
388 1915 430 1956 ex
451 1892 652 1957 abundantio
673 1912 790 1955 rerum
822 1889 1035 1980 frugumque.
1100 1892 1195 1972 Quae
1222 1907 1272 1958 est

282 1985 500 2086 principalior
516 1993 703 2056 insularum
719 1998 868 2056 istorum.
910 1991 950 2056 Iu
965 2016 1029 2080 qua
1044 2004 1140 2080 petre
1155 2001 1271 2080 niger«

282 2085 369 2159 rimu
386 2105 418 2157 et
434 2095 611 2159 durissima
628 2094 713 2157 dicte
728 2092 904 2180 Smeriglo
924 2099 1101 2180 reperitur.
1145 2093 1271 2164 Corum
1354 2089 1356 2118 ³

284 2197 394 2281 itaque
409 2200 547 2272 civitate,
569 2199 605 2257 in
621 2193 769 2279 scopulc,
792 2192 856 2258 fuit
872 2194 953 2259 olim
969 2196 1131 2282 oppidum
1146 2196 1272 2261 Stron-

282 2291 366 2384 gyle
383 2297 518 2372 dictum,
541 2317 561 2358 a
575 2317 642 2382 quo
658 2294 776 2358 seculis
793 2295 906 2357 mullis
923 2296 1033 2359 insula
1049 2303 1192 2383 sumpsit
1205 2321 1270 2362 no-

282 2420 371 2486 men.
414 2394 492 2474 Quo
507 2418 620 2458 corum
633 2416 770 2480 omnpus
790 2400 883 2459 iuxte
901 2418 993 2460 mure
1009 2402 1181 2462 vinearum
1197 2422 1271 2464 am-

282 2489 406 2588 pliatur
417 2519 568 2584 magnus.
610 2495 689 2578 Ideo
703 2491 834 2558 Boccho
851 2496 997 2560 dedicate
1011 2495 1083 2575 fuit,
1107 2503 1164 2586 qui
1178 2501 1271 2564 scul‹

282 2611 360 2690 ptus
382 2621 489 2686 prope
514 2596 691 2684 oppidum,
722 2601 824 2684 puer,
856 2594 940 2660 facie
966 2583 1141 2676 muliebri,
1174 2601 1269 2664 nudo

282 2713 434 2788 pectore,
457 2704 562 2784 capite
577 2708 728 2776 cornuto,
750 2697 871 2762 vitibus
886 2710 1055 2776 coronato,
1079 2709 1109 2761 et
1122 2691 1270 2787 intigri-

282 2802 347 2866 bus
365 2800 551 2888 equitando.
595 2789 700 2876 Pucr{
724 2805 803 2886 quie
823 2799 934 2862 ebrius
950 2810 1108 2886 tunquam
1120 2821 1207 2887 puer
1222 2809 1270 2865 si-

281 2909 473 2966 iteratione
494 2899 715 2985 gubernatum
744 2900 945 2964 muliebrem
965 2885 1102 2979 faciem}
1133 2909 1211 2988 quia
1231 2909 1269 2968 in

283 3007 550 3089 concupiscentia
562 3000 744 3064 mulierum
759 3023 821 3099 per
835 3005 951 3064 vinum
962 3007 1000 3064 in
1016 3002 1115 3066 ebriis
1126 3025 1269 3089 generu-

282 3117 354 3187 tur3
376 3102 528 3189 tigrides,
551 3107 628 3187 quia
648 3097 841 3178 furibundi3
869 3099 997 3180 nudus,
1019 3115 1158 3190 propter
1178 3109 1269 3168 veri-
1357 3109 1358 3112 ’

280 3216 399 3280 tutem,
419 3211 590 3278 commus,
613 3212 751 3287 propter
766 3206 1003 3268 auctoritatem.
1027 3238 1071 3254 ·-
1104 3203 1199 3268 'Sunt
1218 3217 1271 3270 et-

196 3351 199 3356 ·
283 3311 422 3373 enimin
438 3324 476 3366 eu
490 3324 616 3388 vespm,
627 3323 709 3389 quae
724 3309 751 3364 si
767 3301 911 3388 aliquem
924 3304 1158 3383 transduxerint,
1172 3329 1270 3372 mor-

281 3417 314 3469 te
338 3409 510 3468 morietur.
565 3401 718 3467 Theseus
751 3409 864 3482 eliam,
897 3404 985 3468 filius
1011 3405 1136 3492 Aegaei
1161 3415 1268 3494 regis,

280 3510 404 3572 missus
424 3503 574 3581 Cretum,
596 3512 639 3570 ut.
653 3505 860 3568 occideretur
882 3505 1132 3585 u2Min0teuro,
1153 3513 1269 3594 ipsum

281 3612 448 3673 interemit
462 3616 494 3669 et
506 3604 655 3670 Atheneo
670 3628 687 3668 u
701 3612 793 3692 turpi
810 3612 943 3671 servitio
959 3607 1117 3686 liberavit,
1139 3609 1269 3676 Adria„

282 3729 427 3795 numque
446 3705 649 3784 Phaedrum,
670 3705 796 3772 Minois
817 3706 917 3787 filies,
945 3714 1031 3794 potm'
1052 3715 1215 3796 surripuit
1235 3724 1269 3776 et

283 3810 373 3898 opud
399 3808 526 3874 fontem
557 3815 788 3895 propinquum
813 3815 949 3889 civitati,
978 3811 1060 3873 dum
1086 3811 1266 3892 dormiret,

284 3911 471 3978 Adi-ianam
487 3932 557 3974 non
575 3915 695 3974 merito
710 3911 844 3996 reliquit
858 3921 889 3972 et
903 3911 1088 3976 Phaedrum
1107 3920 1265 4000 coniugio

282 4013 350 4080 sibi
360 4012 535 4104 copulavit.
577 4011 622 4077 Et
638 4016 716 4098 quie
727 4018 764 4076 in
778 4011 893 4099 multis
909 4015 1056 4102 epistolis
1069 4013 1144 4102 legi,
1168 4016 1269 4082 The-

1166 4139 1265 4185 seusu
