<?xml version="1.0" encoding="UTF-8"?>
<!DOCTYPE html PUBLIC "-//W3C//DTD XHTML 1.0 Transitional//EN"
    "http://www.w3.org/TR/xhtml1/DTD/xhtml1-transitional.dtd">
<html xmlns="http://www.w3.org/1999/xhtml" xml:lang="en" lang="en">
 <head>
  <title>
</title>
<meta http-equiv="Content-Type" content="text/html;charset=utf-8" />
  <meta name='ocr-system' content='tesseract 3.04.00' />
  <meta name='ocr-capabilities' content='ocr_page ocr_carea ocr_par ocr_line ocrx_word'/>
</head>
<body>
  <div class='ocr_page' id='page_1' title='image "./christophbondel00buongoog_0061.png"; bbox 0 0 2764 5182; ppageno 0'>
   <div class='ocr_carea' id='block_1_1' title="bbox 336 477 388 558">
    <p class='ocr_par' dir='ltr' id='par_1_1' title="bbox 336 477 388 558">
     <span class='ocr_line' id='line_1_1' title="bbox 336 477 388 558; baseline -0.038 0"><span class='ocrx_word' id='word_1_1' title='bbox 336 477 388 558; x_wconf 71' lang='lat'><strong>52</strong></span> 
     </span>
    </p>
   </div>
   <div class='ocr_carea' id='block_1_2' title="bbox 286 673 1371 3899">
    <p class='ocr_par' dir='ltr' id='par_1_2' title="bbox 337 673 1327 868">
     <span class='ocr_line' id='line_1_2' title="bbox 337 673 1327 768; baseline 0 -24"><span class='ocrx_word' id='word_1_2' title='bbox 337 694 477 768; x_wconf 82' lang='lat' dir='ltr'><strong>precor,</strong></span> <span class='ocrx_word' id='word_1_3' title='bbox 505 697 586 766; x_wconf 84' lang='lat' dir='ltr'><strong>caps</strong></span> <span class='ocrx_word' id='word_1_4' title='bbox 609 674 852 748; x_wconf 79' lang='lat' dir='ltr'><strong>muntuaulum</strong></span> <span class='ocrx_word' id='word_1_5' title='bbox 872 697 893 742; x_wconf 83' lang='lat' dir='ltr'><strong>s</strong></span> <span class='ocrx_word' id='word_1_6' title='bbox 911 673 1021 762; x_wconf 78' lang='lat' dir='ltr'><strong>longis</strong></span> <span class='ocrx_word' id='word_1_7' title='bbox 1040 673 1216 742; x_wconf 81' lang='lat' dir='ltr'><strong>itineribus</strong></span> <span class='ocrx_word' id='word_1_8' title='bbox 1240 682 1327 744; x_wconf 60' lang='lat' dir='ltr'><strong>mis*</strong></span> 
     </span>
     <span class='ocr_line' id='line_1_3' title="bbox 337 777 1327 868; baseline 0 -22"><span class='ocrx_word' id='word_1_9' title='bbox 337 801 432 859; x_wconf 87' lang='lat' dir='ltr'><strong>sum,</strong></span> <span class='ocrx_word' id='word_1_10' title='bbox 453 783 490 846; x_wconf 88' lang='lat' dir='ltr'><strong>in</strong></span> <span class='ocrx_word' id='word_1_11' title='bbox 505 799 572 867; x_wconf 89' lang='lat' dir='ltr'><strong>quo</strong></span> <span class='ocrx_word' id='word_1_12' title='bbox 591 777 698 844; x_wconf 84' lang='lat' dir='ltr'><strong>multa</strong></span> <span class='ocrx_word' id='word_1_13' title='bbox 711 781 845 866; x_wconf 85' lang='lat' dir='ltr'><strong>antiqua</strong></span> <span class='ocrx_word' id='word_1_14' title='bbox 857 788 993 868; x_wconf 65' lang='lat' dir='ltr'><strong>panum</strong></span> <span class='ocrx_word' id='word_1_15' title='bbox 1004 788 1138 844; x_wconf 84' lang='lat' dir='ltr'><strong>narrata</strong></span> <span class='ocrx_word' id='word_1_16' title='bbox 1155 783 1327 846; x_wconf 80' lang='lat' dir='ltr'><strong>succincte</strong></span> 
     </span>
    </p>

    <p class='ocr_par' dir='ltr' id='par_1_3' title="bbox 286 879 1371 3899">
     <span class='ocr_line' id='line_1_4' title="bbox 286 879 1327 970; baseline -0.002 -21"><span class='ocrx_word' id='word_1_17' title='bbox 286 883 292 896; x_wconf 85' lang='grc'><strong><em>’</em></strong></span> <span class='ocrx_word' id='word_1_18' title='bbox 335 881 481 960; x_wconf 76' lang='lat' dir='ltr'><strong>videbis,</strong></span> <span class='ocrx_word' id='word_1_19' title='bbox 503 891 536 945; x_wconf 92' lang='lat' dir='ltr'><strong>et</strong></span> <span class='ocrx_word' id='word_1_20' title='bbox 550 879 696 946; x_wconf 88' lang='lat' dir='ltr'><strong>heroum</strong></span> <span class='ocrx_word' id='word_1_21' title='bbox 712 879 877 966; x_wconf 85' lang='lat' dir='ltr'><strong>magnalia</strong></span> <span class='ocrx_word' id='word_1_22' title='bbox 895 884 1110 970; x_wconf 80' lang='lat' dir='ltr'><strong>antiquantur</strong></span> <span class='ocrx_word' id='word_1_23' title='bbox 1129 901 1193 970; x_wconf 87' lang='lat' dir='ltr'><strong>per</strong></span> <span class='ocrx_word' id='word_1_24' title='bbox 1214 891 1327 948; x_wconf 85' lang='lat' dir='ltr'><strong>totum</strong></span> 
     </span>
     <span class='ocr_line' id='line_1_5' title="bbox 338 979 1328 1069; baseline 0 -21"><span class='ocrx_word' id='word_1_25' title='bbox 338 993 495 1069; x_wconf 87' lang='lat' dir='ltr'><strong>congesta</strong></span> <span class='ocrx_word' id='word_1_26' title='bbox 513 985 753 1066; x_wconf 78' lang='lat' dir='ltr'><strong>germinantur.</strong></span> <span class='ocrx_word' id='word_1_27' title='bbox 799 979 924 1046; x_wconf 78' lang='lat' dir='ltr'>Cernes</span> <span class='ocrx_word' id='word_1_28' title='bbox 939 985 1079 1066; x_wconf 89' lang='lat' dir='ltr'><strong>insuper</strong></span> <span class='ocrx_word' id='word_1_29' title='bbox 1093 991 1225 1046; x_wconf 85' lang='lat' dir='ltr'><strong>montes</strong></span> <span class='ocrx_word' id='word_1_30' title='bbox 1248 1004 1328 1048; x_wconf 87' lang='lat' dir='ltr'><strong>cum</strong></span> 
     </span>
     <span class='ocr_line' id='line_1_6' title="bbox 338 1079 1327 1171; baseline -0.004 -20"><span class='ocrx_word' id='word_1_31' title='bbox 338 1081 506 1159; x_wconf 81' lang='lat' dir='ltr'><strong>fontibus,</strong></span> <span class='ocrx_word' id='word_1_32' title='bbox 527 1102 596 1146; x_wconf 90' lang='lat' dir='ltr'><strong>una</strong></span> <span class='ocrx_word' id='word_1_33' title='bbox 610 1087 645 1146; x_wconf 90' lang='lat' dir='ltr'><strong>in</strong></span> <span class='ocrx_word' id='word_1_34' title='bbox 656 1086 856 1169; x_wconf 78' lang='lat' dir='ltr'><strong>pascuisque</strong></span> <span class='ocrx_word' id='word_1_35' title='bbox 870 1086 996 1168; x_wconf 84' lang='lat' dir='ltr'><strong>campis</strong></span> <span class='ocrx_word' id='word_1_36' title='bbox 1009 1079 1208 1146; x_wconf 73' lang='lat' dir='ltr'>descendere</span> <span class='ocrx_word' id='word_1_37' title='bbox 1220 1105 1327 1171; x_wconf 73' lang='lat' dir='ltr'><strong>nym-</strong></span> 
     </span>
     <span class='ocr_line' id='line_1_7' title="bbox 337 1180 1327 1273; baseline 0 -25"><span class='ocrx_word' id='word_1_38' title='bbox 337 1180 440 1273; x_wconf 82' lang='lat' dir='ltr'><strong>phas,</strong></span> <span class='ocrx_word' id='word_1_39' title='bbox 462 1193 496 1248; x_wconf 89' lang='lat' dir='ltr'><strong>et</strong></span> <span class='ocrx_word' id='word_1_40' title='bbox 510 1187 547 1246; x_wconf 89' lang='lat' dir='ltr'><strong>in</strong></span> <span class='ocrx_word' id='word_1_41' title='bbox 563 1189 689 1247; x_wconf 84' lang='lat' dir='ltr'><strong>arentia</strong></span> <span class='ocrx_word' id='word_1_42' title='bbox 705 1205 785 1248; x_wconf 84' lang='lat' dir='ltr'><strong>saxa</strong></span> <span class='ocrx_word' id='word_1_43' title='bbox 800 1207 877 1272; x_wconf 81' lang='lat' dir='ltr'><strong>eges</strong></span> <span class='ocrx_word' id='word_1_44' title='bbox 893 1192 1049 1270; x_wconf 80' lang='lat' dir='ltr'><strong>vagantes</strong></span> <span class='ocrx_word' id='word_1_45' title='bbox 1066 1182 1210 1271; x_wconf 76' lang='lat' dir='ltr'><strong>ubiqaa3</strong></span> <span class='ocrx_word' id='word_1_46' title='bbox 1230 1184 1327 1250; x_wconf 78' lang='lat' dir='ltr'><strong>deni-</strong></span> 
     </span>
     <span class='ocr_line' id='line_1_8' title="bbox 339 1284 1326 1374; baseline -0.001 -24"><span class='ocrx_word' id='word_1_47' title='bbox 339 1306 405 1374; x_wconf 88' lang='lat' dir='ltr'><strong>que</strong></span> <span class='ocrx_word' id='word_1_48' title='bbox 423 1295 559 1372; x_wconf 85' lang='lat' dir='ltr'><strong>portus,</strong></span> <span class='ocrx_word' id='word_1_49' title='bbox 583 1305 662 1358; x_wconf 85' lang='lat' dir='ltr'><strong>cum</strong></span> <span class='ocrx_word' id='word_1_50' title='bbox 675 1288 916 1371; x_wconf 81' lang='lat' dir='ltr'><strong>promontoriis</strong></span> <span class='ocrx_word' id='word_1_51' title='bbox 936 1284 1003 1352; x_wconf 86' lang='lat' dir='ltr'><strong>illis</strong></span> <span class='ocrx_word' id='word_1_52' title='bbox 1023 1284 1228 1364; x_wconf 74' lang='lat' dir='ltr'><strong>adstantibus</strong></span> <span class='ocrx_word' id='word_1_53' title='bbox 1250 1306 1326 1350; x_wconf 86' lang='lat' dir='ltr'><strong>sco-</strong></span> 
     </span>
     <span class='ocr_line' id='line_1_9' title="bbox 338 1385 1327 1477; baseline 0.001 -26"><span class='ocrx_word' id='word_1_54' title='bbox 338 1385 446 1477; x_wconf 84' lang='lat' dir='ltr'><strong>pulis,</strong></span> <span class='ocrx_word' id='word_1_55' title='bbox 480 1394 514 1450; x_wconf 91' lang='lat' dir='ltr'><strong>et</strong></span> <span class='ocrx_word' id='word_1_56' title='bbox 538 1386 661 1472; x_wconf 86' lang='lat' dir='ltr'><strong>oppida</strong></span> <span class='ocrx_word' id='word_1_57' title='bbox 686 1408 866 1474; x_wconf 81' lang='lat' dir='ltr'><strong>cognosces</strong></span> <span class='ocrx_word' id='word_1_58' title='bbox 893 1396 926 1450; x_wconf 90' lang='lat' dir='ltr'><strong>et</strong></span> <span class='ocrx_word' id='word_1_59' title='bbox 946 1391 1054 1452; x_wconf 84' lang='lat' dir='ltr'><strong>maria</strong></span> <span class='ocrx_word' id='word_1_60' title='bbox 1080 1386 1272 1474; x_wconf 77' lang='lat' dir='ltr'><strong>pandentur</strong></span> <span class='ocrx_word' id='word_1_61' title='bbox 1291 1392 1327 1452; x_wconf 88' lang='lat' dir='ltr'><strong>in</strong></span> 
     </span>
     <span class='ocr_line' id='line_1_10' title="bbox 338 1485 1326 1576; baseline -0.004 -20"><span class='ocrx_word' id='word_1_62' title='bbox 338 1492 432 1576; x_wconf 85' lang='lat' dir='ltr'><strong>ipsis.</strong></span> <span class='ocrx_word' id='word_1_63' title='bbox 454 1520 499 1538; x_wconf 89' lang='lat'>-</span> <span class='ocrx_word' id='word_1_64' title='bbox 537 1485 652 1574; x_wconf 69' lang='lat' dir='ltr'><strong>,Sitque</strong></span> <span class='ocrx_word' id='word_1_65' title='bbox 667 1487 743 1554; x_wconf 89' lang='lat' dir='ltr'><strong>finis</strong></span> <span class='ocrx_word' id='word_1_66' title='bbox 759 1486 942 1553; x_wconf 87' lang='lat' dir='ltr'><strong>admodum</strong></span> <span class='ocrx_word' id='word_1_67' title='bbox 954 1500 1086 1554; x_wconf 89' lang='lat' dir='ltr'><strong>nostrae</strong></span> <span class='ocrx_word' id='word_1_68' title='bbox 1099 1493 1326 1576; x_wconf 82' lang='lat' dir='ltr'><strong>ingressionis,</strong></span> 
     </span>
     <span class='ocr_line' id='line_1_11' title="bbox 337 1590 1325 1679; baseline -0.001 -24"><span class='ocrx_word' id='word_1_69' title='bbox 337 1599 450 1679; x_wconf 83' lang='lat' dir='ltr'><strong>pater,</strong></span> <span class='ocrx_word' id='word_1_70' title='bbox 472 1598 505 1653; x_wconf 91' lang='lat' dir='ltr'><strong>et</strong></span> <span class='ocrx_word' id='word_1_71' title='bbox 522 1596 661 1656; x_wconf 88' lang='lat' dir='ltr'><strong>nomina</strong></span> <span class='ocrx_word' id='word_1_72' title='bbox 673 1590 828 1676; x_wconf 86' lang='lat' dir='ltr'><strong>deinceps</strong></span> <span class='ocrx_word' id='word_1_73' title='bbox 843 1593 998 1655; x_wconf 87' lang='lat' dir='ltr'><strong>omnium</strong></span> <span class='ocrx_word' id='word_1_74' title='bbox 1019 1590 1209 1656; x_wconf 88' lang='lat' dir='ltr'><strong>insularum</strong></span> <span class='ocrx_word' id='word_1_75' title='bbox 1228 1599 1325 1676; x_wconf 87' lang='lat' dir='ltr'><strong>atqua</strong></span> 
     </span>
     <span class='ocr_line' id='line_1_12' title="bbox 337 1689 1326 1780; baseline -0.003 -23"><span class='ocrx_word' id='word_1_76' title='bbox 337 1690 509 1772; x_wconf 87' lang='lat' dir='ltr'><strong>locorum,</strong></span> <span class='ocrx_word' id='word_1_77' title='bbox 531 1690 572 1756; x_wconf 90' lang='lat' dir='ltr'><strong>da</strong></span> <span class='ocrx_word' id='word_1_78' title='bbox 592 1691 714 1780; x_wconf 89' lang='lat' dir='ltr'><strong>quibus</strong></span> <span class='ocrx_word' id='word_1_79' title='bbox 734 1695 903 1756; x_wconf 73' lang='lat' dir='ltr'><strong>nectaturi</strong></span> <span class='ocrx_word' id='word_1_80' title='bbox 919 1713 1054 1772; x_wconf 86' lang='lat' dir='ltr'><strong>sumus,</strong></span> <span class='ocrx_word' id='word_1_81' title='bbox 1076 1691 1257 1756; x_wconf 76' lang='lat' dir='ltr'><strong>ordinatim</strong></span> <span class='ocrx_word' id='word_1_82' title='bbox 1271 1689 1326 1754; x_wconf 89' lang='lat' dir='ltr'><strong>hio</strong></span> 
     </span>
     <span class='ocr_line' id='line_1_13' title="bbox 338 1787 1325 1883; baseline 0.001 -27"><span class='ocrx_word' id='word_1_83' title='bbox 338 1787 523 1880; x_wconf 84' lang='lat' dir='ltr'><strong>ponamus,</strong></span> <span class='ocrx_word' id='word_1_84' title='bbox 543 1803 583 1858; x_wconf 88' lang='lat' dir='ltr'><strong>ut</strong></span> <span class='ocrx_word' id='word_1_85' title='bbox 600 1798 666 1860; x_wconf 86' lang='lat' dir='ltr'><strong>cita</strong></span> <span class='ocrx_word' id='word_1_86' title='bbox 688 1791 874 1880; x_wconf 86' lang='lat' dir='ltr'><strong>legentibus</strong></span> <span class='ocrx_word' id='word_1_87' title='bbox 895 1798 959 1859; x_wconf 90' lang='lat' dir='ltr'><strong>iter</strong></span> <span class='ocrx_word' id='word_1_88' title='bbox 978 1803 1088 1883; x_wconf 87' lang='lat' dir='ltr'><strong>pateat</strong></span> <span class='ocrx_word' id='word_1_89' title='bbox 1111 1797 1184 1860; x_wconf 89' lang='lat' dir='ltr'><strong>sine</strong></span> <span class='ocrx_word' id='word_1_90' title='bbox 1199 1790 1325 1858; x_wconf 87' lang='lat' dir='ltr'><strong>labore.</strong></span> 
     </span>
     <span class='ocr_line' id='line_1_14' title="bbox 338 1891 1324 1983; baseline 0 -25"><span class='ocrx_word' id='word_1_91' title='bbox 338 1925 383 1942; x_wconf 91' lang='lat'><strong>·-</strong></span> <span class='ocrx_word' id='word_1_92' title='bbox 409 1891 501 1980; x_wconf 84' lang='lat' dir='ltr'><strong>Ergo</strong></span> <span class='ocrx_word' id='word_1_93' title='bbox 522 1915 638 1960; x_wconf 86' lang='lat' dir='ltr'><strong>meum</strong></span> <span class='ocrx_word' id='word_1_94' title='bbox 661 1901 833 1983; x_wconf 88' lang='lat' dir='ltr'><strong>inceptum</strong></span> <span class='ocrx_word' id='word_1_95' title='bbox 858 1917 877 1958; x_wconf 87' lang='lat' dir='ltr'><strong>a</strong></span> <span class='ocrx_word' id='word_1_96' title='bbox 900 1895 1013 1980; x_wconf 76' lang='lat' dir='ltr'><strong>Corsa</strong></span> <span class='ocrx_word' id='word_1_97' title='bbox 1034 1896 1211 1982; x_wconf 82' lang='lat' dir='ltr'><strong>dirigatur,</strong></span> <span class='ocrx_word' id='word_1_98' title='bbox 1241 1916 1324 1982; x_wconf 88' lang='lat' dir='ltr'><strong>quae</strong></span> 
     </span>
     <span class='ocr_line' id='line_1_15' title="bbox 338 1991 1324 2081; baseline 0 -21"><span class='ocrx_word' id='word_1_99' title='bbox 338 1991 441 2060; x_wconf 89' lang='lat' dir='ltr'><strong>hodie</strong></span> <span class='ocrx_word' id='word_1_100' title='bbox 457 2016 478 2058; x_wconf 88' lang='lat' dir='ltr'><strong>a</strong></span> <span class='ocrx_word' id='word_1_101' title='bbox 494 1995 609 2058; x_wconf 88' lang='lat' dir='ltr'><strong>multis</strong></span> <span class='ocrx_word' id='word_1_102' title='bbox 629 2001 741 2081; x_wconf 84' lang='lat' dir='ltr'><strong>prima</strong></span> <span class='ocrx_word' id='word_1_103' title='bbox 758 1994 919 2060; x_wconf 88' lang='lat' dir='ltr'><strong>Graeciae</strong></span> <span class='ocrx_word' id='word_1_104' title='bbox 939 2019 1055 2061; x_wconf 83' lang='lat' dir='ltr'><strong>versus</strong></span> <span class='ocrx_word' id='word_1_105' title='bbox 1077 1997 1258 2062; x_wconf 90' lang='lat' dir='ltr'><strong>occiduum</strong></span> <span class='ocrx_word' id='word_1_106' title='bbox 1277 2007 1324 2060; x_wconf 87' lang='lat' dir='ltr'><strong>est</strong></span> 
     </span>
     <span class='ocr_line' id='line_1_16' title="bbox 341 2093 1326 2182; baseline 0.004 -24"><span class='ocrx_word' id='word_1_107' title='bbox 341 2093 514 2182; x_wconf 83' lang='lat' dir='ltr'><strong>appellata</strong></span> <span class='ocrx_word' id='word_1_108' title='bbox 554 2093 687 2160; x_wconf 87' lang='lat' dir='ltr'><strong>Deinde</strong></span> <span class='ocrx_word' id='word_1_109' title='bbox 702 2096 892 2180; x_wconf 86' lang='lat' dir='ltr'><strong>Pachisas,</strong></span> <span class='ocrx_word' id='word_1_110' title='bbox 912 2096 1116 2176; x_wconf 84' lang='lat' dir='ltr'><strong>Leuchata,</strong></span> <span class='ocrx_word' id='word_1_111' title='bbox 1131 2096 1326 2175; x_wconf 85' lang='lat' dir='ltr'><strong>Dulichia,</strong></span> 
     </span>
     <span class='ocr_line' id='line_1_17' title="bbox 348 2195 1371 2287; baseline 0.002 -26"><span class='ocrx_word' id='word_1_112' title='bbox 348 2195 611 2283; x_wconf 85' lang='lat' dir='ltr'><strong>Cephalonum,</strong></span> <span class='ocrx_word' id='word_1_113' title='bbox 631 2195 841 2276; x_wconf 82' lang='lat' dir='ltr'><strong>lacinthus,</strong></span> <span class='ocrx_word' id='word_1_114' title='bbox 862 2198 1095 2287; x_wconf 84' lang='lat' dir='ltr'><strong>Strophades,</strong></span> <span class='ocrx_word' id='word_1_115' title='bbox 1118 2198 1324 2286; x_wconf 82' lang='lat' dir='ltr'><strong>Sapientia,</strong></span> <span class='ocrx_word' id='word_1_116' title='bbox 1370 2199 1371 2228; x_wconf 64' lang='lat'><strong>³</strong></span> 
     </span>
     <span class='ocr_line' id='line_1_18' title="bbox 338 2296 1371 2388; baseline 0 -25"><span class='ocrx_word' id='word_1_117' title='bbox 338 2296 530 2380; x_wconf 77' lang='lat' dir='ltr'><strong>¹(lhicuria,</strong></span> <span class='ocrx_word' id='word_1_118' title='bbox 553 2296 744 2385; x_wconf 80' lang='lat' dir='ltr'><strong>Seqnilus,</strong></span> <span class='ocrx_word' id='word_1_119' title='bbox 772 2307 897 2378; x_wconf 82' lang='lat' dir='ltr'><strong>Creta,</strong></span> <span class='ocrx_word' id='word_1_120' title='bbox 923 2300 1142 2388; x_wconf 76' lang='lat' dir='ltr'><strong>Carpathus,</strong></span> <span class='ocrx_word' id='word_1_121' title='bbox 1163 2298 1325 2376; x_wconf 81' lang='lat' dir='ltr'><strong>Rhodos,</strong></span> <span class='ocrx_word' id='word_1_122' title='bbox 1370 2307 1371 2324; x_wconf 66' lang='lat'>¹</span> 
     </span>
     <span class='ocr_line' id='line_1_19' title="bbox 342 2397 1326 2490; baseline 0.002 -26"><span class='ocrx_word' id='word_1_123' title='bbox 342 2397 498 2478; x_wconf 82' lang='lat' dir='ltr'><strong>Simiae,</strong></span> <span class='ocrx_word' id='word_1_124' title='bbox 528 2401 704 2479; x_wconf 78' lang='lat' dir='ltr'><strong>Caristos,</strong></span> <span class='ocrx_word' id='word_1_125' title='bbox 724 2399 951 2488; x_wconf 87' lang='lat' dir='ltr'><strong>Dilnfanos,</strong></span> <span class='ocrx_word' id='word_1_126' title='bbox 978 2403 1107 2474; x_wconf 81' lang='lat' dir='ltr'><strong>Caria,</strong></span> <span class='ocrx_word' id='word_1_127' title='bbox 1129 2398 1326 2490; x_wconf 83' lang='lat' dir='ltr'><strong>Assympa·</strong></span> 
     </span>
     <span class='ocr_line' id='line_1_20' title="bbox 341 2495 1370 2598; baseline 0.002 -32"><span class='ocrx_word' id='word_1_128' title='bbox 341 2499 416 2568; x_wconf 83' lang='lat' dir='ltr'><strong>lea,</strong></span> <span class='ocrx_word' id='word_1_129' title='bbox 439 2495 479 2565; x_wconf 86' lang='lat' dir='ltr'><em>A</em></span> <span class='ocrx_word' id='word_1_130' title='bbox 486 2501 611 2584; x_wconf 75' lang='lat' dir='ltr'><strong>egaea,</strong></span> <span class='ocrx_word' id='word_1_131' title='bbox 635 2499 847 2578; x_wconf 85' lang='lat' dir='ltr'><strong>Sicandros,</strong></span> <span class='ocrx_word' id='word_1_132' title='bbox 869 2501 1129 2581; x_wconf 86' lang='lat' dir='ltr'><strong>Palicandros,</strong></span> <span class='ocrx_word' id='word_1_133' title='bbox 1150 2502 1324 2572; x_wconf 87' lang='lat' dir='ltr'><strong>Polimia,</strong></span> <span class='ocrx_word' id='word_1_134' title='bbox 1369 2587 1370 2598; x_wconf 9' lang='grc' dir='ltr'>ἵ</span> 
     </span>
     <span class='ocr_line' id='line_1_21' title="bbox 339 2597 1327 2690; baseline 0.006 -26"><span class='ocrx_word' id='word_1_135' title='bbox 339 2597 474 2678; x_wconf 80' lang='lat' dir='ltr'><strong>Miles,</strong></span> <span class='ocrx_word' id='word_1_136' title='bbox 497 2599 701 2688; x_wconf 73' lang='lat' dir='ltr'><strong>Siphanos,</strong></span> <span class='ocrx_word' id='word_1_137' title='bbox 725 2603 902 2690; x_wconf 85' lang='lat' dir='ltr'><strong>Serfinos,</strong></span> <span class='ocrx_word' id='word_1_138' title='bbox 929 2605 1110 2682; x_wconf 75' lang='lat' dir='ltr'><strong>Thermia,</strong></span> <span class='ocrx_word' id='word_1_139' title='bbox 1137 2611 1221 2676; x_wconf 81' lang='lat' dir='ltr'><strong>Cea,</strong></span> <span class='ocrx_word' id='word_1_140' title='bbox 1244 2603 1327 2673; x_wconf 86' lang='lat' dir='ltr'><strong>An-</strong></span> 
     </span>
     <span class='ocr_line' id='line_1_22' title="bbox 341 2697 1323 2793; baseline 0.005 -28"><span class='ocrx_word' id='word_1_141' title='bbox 341 2697 447 2772; x_wconf 82' lang='lat' dir='ltr'><strong>dros,</strong></span> <span class='ocrx_word' id='word_1_142' title='bbox 472 2701 676 2780; x_wconf 83' lang='lat' dir='ltr'><strong>Caloieros,</strong></span> <span class='ocrx_word' id='word_1_143' title='bbox 703 2703 814 2777; x_wconf 82' lang='lat' dir='ltr'><strong>Tine,</strong></span> <span class='ocrx_word' id='word_1_144' title='bbox 838 2705 1035 2793; x_wconf 81' lang='lat' dir='ltr'><strong>Myconos,</strong></span> <span class='ocrx_word' id='word_1_145' title='bbox 1060 2706 1187 2784; x_wconf 84' lang='lat' dir='ltr'><strong>Delos,</strong></span> <span class='ocrx_word' id='word_1_146' title='bbox 1212 2707 1323 2788; x_wconf 82' lang='lat' dir='ltr'><strong>Sada,</strong></span> 
     </span>
     <span class='ocr_line' id='line_1_23' title="bbox 339 2798 1325 2894; baseline 0.007 -26"><span class='ocrx_word' id='word_1_147' title='bbox 339 2799 479 2874; x_wconf 85' lang='lat' dir='ltr'><strong>Paros,</strong></span> <span class='ocrx_word' id='word_1_148' title='bbox 500 2798 719 2890; x_wconf 82' lang='lat' dir='ltr'><strong>Anciparas‚</strong></span> <span class='ocrx_word' id='word_1_149' title='bbox 740 2805 912 2894; x_wconf 82' lang='lat' dir='ltr'><strong>Panaya,</strong></span> <span class='ocrx_word' id='word_1_150' title='bbox 933 2804 1079 2883; x_wconf 77' lang='lat' dir='ltr'><strong>Naxos,</strong></span> <span class='ocrx_word' id='word_1_151' title='bbox 1097 2806 1235 2880; x_wconf 81' lang='lat' dir='ltr'><strong>Pedia,</strong></span> <span class='ocrx_word' id='word_1_152' title='bbox 1250 2807 1325 2874; x_wconf 77' lang='lat' dir='ltr'><strong>Ita-</strong></span> 
     </span>
     <span class='ocr_line' id='line_1_24' title="bbox 341 2902 1325 2994; baseline 0.007 -26"><span class='ocrx_word' id='word_1_153' title='bbox 341 2902 444 2981; x_wconf 82' lang='lat' dir='ltr'><strong>clea,</strong></span> <span class='ocrx_word' id='word_1_154' title='bbox 477 2905 604 2982; x_wconf 83' lang='lat' dir='ltr'><strong>Chiro,</strong></span> <span class='ocrx_word' id='word_1_155' title='bbox 632 2903 729 2979; x_wconf 82' lang='lat' dir='ltr'><strong>Nic,</strong></span> <span class='ocrx_word' id='word_1_156' title='bbox 757 2904 937 2994; x_wconf 88' lang='lat' dir='ltr'><strong>Anafios,</strong></span> <span class='ocrx_word' id='word_1_157' title='bbox 963 2908 1121 2994; x_wconf 84' lang='lat' dir='ltr'><strong>Buporc,</strong></span> <span class='ocrx_word' id='word_1_158' title='bbox 1151 2909 1325 2984; x_wconf 84' lang='lat' dir='ltr'><strong>Chinera,</strong></span> 
     </span>
     <span class='ocr_line' id='line_1_25' title="bbox 339 3001 1325 3090; baseline 0.002 -23"><span class='ocrx_word' id='word_1_159' title='bbox 339 3001 505 3080; x_wconf 72' lang='lat' dir='ltr'><strong>Lenaea,</strong></span> <span class='ocrx_word' id='word_1_160' title='bbox 531 3007 729 3083; x_wconf 82' lang='lat' dir='ltr'><strong>Caloieros,</strong></span> <span class='ocrx_word' id='word_1_161' title='bbox 756 3007 867 3090; x_wconf 84' lang='lat' dir='ltr'><strong>Chaa,</strong></span> <span class='ocrx_word' id='word_1_162' title='bbox 896 3011 1033 3080; x_wconf 84' lang='lat' dir='ltr'><strong>Claros,</strong></span> <span class='ocrx_word' id='word_1_163' title='bbox 1057 3009 1187 3086; x_wconf 85' lang='lat' dir='ltr'><strong>Herro,</strong></span> <span class='ocrx_word' id='word_1_164' title='bbox 1209 3009 1325 3076; x_wconf 80' lang='lat' dir='ltr'><strong>Path-</strong></span> 
     </span>
     <span class='ocr_line' id='line_1_26' title="bbox 341 3102 1325 3197; baseline 0.008 -29"><span class='ocrx_word' id='word_1_165' title='bbox 341 3124 437 3180; x_wconf 83' lang='lat' dir='ltr'><strong>mos,</strong></span> <span class='ocrx_word' id='word_1_166' title='bbox 459 3102 587 3191; x_wconf 83' lang='lat' dir='ltr'><strong>Dipsi‚</strong></span> <span class='ocrx_word' id='word_1_167' title='bbox 616 3109 757 3184; x_wconf 80' lang='lat' dir='ltr'><strong>arusie,</strong></span> <span class='ocrx_word' id='word_1_168' title='bbox 782 3109 924 3183; x_wconf 85' lang='lat' dir='ltr'><strong>lcarca,</strong></span> <span class='ocrx_word' id='word_1_169' title='bbox 945 3109 1134 3192; x_wconf 75' lang='lat' dir='ltr'><strong>Mandris,</strong></span> <span class='ocrx_word' id='word_1_170' title='bbox 1154 3111 1325 3197; x_wconf 79' lang='lat' dir='ltr'><strong>Agatha·</strong></span> 
     </span>
     <span class='ocr_line' id='line_1_27' title="bbox 339 3201 1324 3298; baseline 0.013 -32"><span class='ocrx_word' id='word_1_171' title='bbox 339 3222 401 3273; x_wconf 88' lang='lat' dir='ltr'><strong>sa,</strong></span> <span class='ocrx_word' id='word_1_172' title='bbox 434 3201 648 3278; x_wconf 79' lang='lat' dir='ltr'><strong>Formosus,</strong></span> <span class='ocrx_word' id='word_1_173' title='bbox 680 3208 809 3287; x_wconf 83' lang='lat' dir='ltr'><strong>Sama,</strong></span> <span class='ocrx_word' id='word_1_174' title='bbox 834 3211 966 3290; x_wconf 84' lang='lat' dir='ltr'><strong>Furni,</strong></span> <span class='ocrx_word' id='word_1_175' title='bbox 998 3211 1157 3283; x_wconf 85' lang='lat' dir='ltr'><strong>Tenosa,</strong></span> <span class='ocrx_word' id='word_1_176' title='bbox 1189 3213 1324 3298; x_wconf 86' lang='lat' dir='ltr'><strong>Psara,</strong></span> 
     </span>
     <span class='ocr_line' id='line_1_28' title="bbox 346 3305 1325 3400; baseline 0.013 -32"><span class='ocrx_word' id='word_1_177' title='bbox 346 3305 473 3375; x_wconf 82' lang='lat' dir='ltr'><strong>Chios,</strong></span> <span class='ocrx_word' id='word_1_178' title='bbox 496 3305 648 3385; x_wconf 84' lang='lat' dir='ltr'><strong>Lesbos,</strong></span> <span class='ocrx_word' id='word_1_179' title='bbox 679 3309 860 3384; x_wconf 85' lang='lat' dir='ltr'><strong>Tenedos,</strong></span> <span class='ocrx_word' id='word_1_180' title='bbox 887 3313 1088 3400; x_wconf 86' lang='lat' dir='ltr'><strong>Gallipoli,</strong></span> <span class='ocrx_word' id='word_1_181' title='bbox 1115 3311 1325 3391; x_wconf 84' lang='lat' dir='ltr'><strong>Marmora,</strong></span> 
     </span>
     <span class='ocr_line' id='line_1_29' title="bbox 345 3405 1326 3498; baseline 0.014 -31"><span class='ocrx_word' id='word_1_182' title='bbox 345 3405 554 3479; x_wconf 86' lang='lat' dir='ltr'><strong>Calonimo,</strong></span> <span class='ocrx_word' id='word_1_183' title='bbox 582 3411 732 3498; x_wconf 85' lang='lat' dir='ltr'><strong>Scopuli</strong></span> <span class='ocrx_word' id='word_1_184' title='bbox 751 3414 1018 3486; x_wconf 84' lang='lat' dir='ltr'><strong>Caloicrornm,</strong></span> <span class='ocrx_word' id='word_1_185' title='bbox 1045 3415 1169 3490; x_wconf 88' lang='lat' dir='ltr'><strong>Polis,</strong></span> <span class='ocrx_word' id='word_1_186' title='bbox 1194 3413 1326 3481; x_wconf 78' lang='lat' dir='ltr'><strong>Scinti-</strong></span> 
     </span>
     <span class='ocr_line' id='line_1_30' title="bbox 339 3507 1326 3594; baseline 0.011 -22"><span class='ocrx_word' id='word_1_187' title='bbox 339 3507 450 3583; x_wconf 80' lang='lat' dir='ltr'><strong>mini,</strong></span> <span class='ocrx_word' id='word_1_188' title='bbox 471 3508 668 3588; x_wconf 85' lang='lat' dir='ltr'><strong>Embaros,</strong></span> <span class='ocrx_word' id='word_1_189' title='bbox 691 3511 934 3594; x_wconf 83' lang='lat' dir='ltr'><strong>Mandrachi,</strong></span> <span class='ocrx_word' id='word_1_190' title='bbox 959 3515 1084 3592; x_wconf 77' lang='lat' dir='ltr'><strong>Tana,</strong></span> <span class='ocrx_word' id='word_1_191' title='bbox 1104 3514 1213 3580; x_wconf 84' lang='lat' dir='ltr'><strong>Mons</strong></span> <span class='ocrx_word' id='word_1_192' title='bbox 1231 3516 1326 3582; x_wconf 82' lang='lat' dir='ltr'><strong>San·</strong></span> 
     </span>
     <span class='ocr_line' id='line_1_31' title="bbox 341 3608 1365 3698; baseline 0.016 -29"><span class='ocrx_word' id='word_1_193' title='bbox 341 3623 439 3684; x_wconf 85' lang='lat' dir='ltr'><strong>ctus,</strong></span> <span class='ocrx_word' id='word_1_194' title='bbox 460 3608 664 3683; x_wconf 84' lang='lat' dir='ltr'><strong>Sanstrati,</strong></span> <span class='ocrx_word' id='word_1_195' title='bbox 684 3612 832 3698; x_wconf 82' lang='lat' dir='ltr'><strong>Limen,</strong></span> <span class='ocrx_word' id='word_1_196' title='bbox 854 3617 1032 3688; x_wconf 86' lang='lat' dir='ltr'><strong>Dromas,</strong></span> <span class='ocrx_word' id='word_1_197' title='bbox 1055 3616 1197 3692; x_wconf 84' lang='lat' dir='ltr'><strong>Macri,</strong></span> <span class='ocrx_word' id='word_1_198' title='bbox 1221 3616 1327 3689; x_wconf 87' lang='lat' dir='ltr'><strong>Scia·</strong></span> <span class='ocrx_word' id='word_1_199' title='bbox 1364 3641 1365 3658; x_wconf 59' lang='lat'>³</span> 
     </span>
     <span class='ocr_line' id='line_1_32' title="bbox 339 3706 1326 3810; baseline 0.018 -39"><span class='ocrx_word' id='word_1_200' title='bbox 339 3706 398 3771; x_wconf 78' lang='lat' dir='ltr'><strong>ahi</strong></span> <span class='ocrx_word' id='word_1_201' title='bbox 423 3719 456 3774; x_wconf 85' lang='lat' dir='ltr'><strong>et</strong></span> <span class='ocrx_word' id='word_1_202' title='bbox 478 3708 647 3798; x_wconf 80' lang='lat' dir='ltr'><strong>Scopuli,</strong></span> <span class='ocrx_word' id='word_1_203' title='bbox 681 3713 732 3780; x_wconf 80' lang='lat' dir='ltr'><strong>Sc.</strong></span> <span class='ocrx_word' id='word_1_204' title='bbox 748 3715 899 3790; x_wconf 83' lang='lat' dir='ltr'><strong>Helias,</strong></span> <span class='ocrx_word' id='word_1_205' title='bbox 938 3719 1116 3807; x_wconf 73' lang='lat' dir='ltr'><strong>Schyras,</strong></span> <span class='ocrx_word' id='word_1_206' title='bbox 1143 3713 1326 3810; x_wconf 79' lang='lat' dir='ltr'><strong>tigrtppos</strong></span> 
     </span>
     <span class='ocr_line' id='line_1_33' title="bbox 339 3804 767 3899; baseline 0.021 -25"><span class='ocrx_word' id='word_1_207' title='bbox 339 3804 573 3899; x_wconf 67' lang='lat' dir='ltr'><strong>Aegaeaque.</strong></span> <span class='ocrx_word' id='word_1_208' title='bbox 765 3825 767 3828; x_wconf 82' lang='grc'><strong>’</strong></span> 
     </span>
    </p>
   </div>
   <div class='ocr_carea' id='block_1_3' title="bbox 0 0 1386 5182">
    <p class='ocr_par' dir='ltr' id='par_1_4' title="bbox 0 0 1386 5182">
     <span class='ocr_line' id='line_1_34' title="bbox 0 0 1386 5182; baseline 0 0"><span class='ocrx_word' id='word_1_209' title='bbox 0 0 1386 5182; x_wconf 95' lang='lat' dir='ltr'><strong> </strong></span> 
     </span>
    </p>
   </div>
  </div>
 </body>
</html>
