2764 5182
1034 461 1086 551 25

100 685 165 738 ne.
200 659 463 738 Nihilominus
480 685 601 742 voees
618 661 808 766 quasdam
826 687 1003 767 graecas,
1022 687 1089 740 ve·

99 798 159 871 lut
186 791 323 892 ᾳῖγας,
364 791 552 888 σπήλαιον
586 817 625 874 et
648 799 823 897 φοιτῶνα
849 807 893 878 in
923 801 1089 876 latinum

9 989 10 996 κ
99 959 213 1008 suum
229 927 370 1026 stylum
383 935 558 1010 intrudit.
584 979 637 997 -
688 937 738 1008 Et
753 939 930 1030 sortasse,
956 938 999 1009 ni
1015 933 1089 1008 fal·

98 1068 164 1142 lor
189 1095 453 1170 summopere,
489 1071 566 1145 hac
589 1074 676 1170 ipsa
701 1094 724 1144 e
749 1095 793 1146 re
817 1075 996 1146 curiosus
1018 1072 1090 1144 erit

99 1205 219 1280 Liber
243 1205 462 1280 Insularum
485 1204 736 1308 Archipelagi
758 1210 849 1284 viris
877 1205 1001 1283 doctis
1024 1222 1089 1279 to-

100 1345 184 1414 tius
203 1343 442 1441 antiquitatis
459 1341 655 1418 studiosis.
700 1345 733 1416 E
749 1343 910 1444 siugulis
929 1365 1089 1442 nempe,
1139 1312 1141 1320 Ι

101 1481 269 1578 opinor,
297 1477 593 1574 Grammaticis,
625 1476 740 1552 factis
767 1478 997 1578 linguisticis
1023 1501 1090 1552 ae·

102 1637 179 1714 que
198 1637 246 1688 ac
262 1611 453 1688 methodo
473 1611 812 1690 abundantissimis
824 1590 979 1689 demum
995 1637 1092 1714 pro·

102 1749 250 1824 cedere
280 1768 415 1850 potest
445 1748 613 1825 historia
647 1751 807 1852 linguae
845 1751 993 1825 latinae
1026 1747 1092 1824 vel

9 1949 11 1988 ζ
102 1907 294 1986 graecae,
330 1908 380 1959 eo
406 1909 524 1960 sensu
545 1888 702 1979 critica,
731 1909 811 1988 quo
831 1883 1091 1959 Ruhnkenius
1131 1881 1134 1890 ’

9 1995 10 2000 ¹
101 2039 217 2121 typus
232 2020 327 2094 mihi
343 2017 496 2096 videtur
512 2045 572 2094 ex.
590 2047 645 2122 gr.
663 2026 707 2096 in
715 2025 883 2098 Timaeo
895 2019 1091 2121 Sophiste.

102 2159 230 2234 Deest
261 2153 374 2232 nobis
403 2155 534 2233 adhuc
564 2157 655 2232 talis
687 2157 871 2252 historia,
915 2173 955 2230 et
981 2155 1093 2232 deest

49 2275 55 2283 ¹
101 2296 332 2394 praesertim
355 2293 399 2366 in
425 2295 578 2394 graecis
608 2290 753 2386 literis,
788 2311 1094 2370 asseveratum

106 2431 265 2504 demum
283 2431 355 2502 erit
374 2425 664 2504 conscribenda
679 2454 801 2532 quum
817 2431 1092 2530 cuiusqueuo·

105 2569 161 2640 cis
178 2581 407 2639 accuratam
428 2568 643 2666 poterimus
661 2563 847 2638 exhibere
868 2563 1092 2660 historiam,

103 2701 277 2804 quacum
300 2703 528 2775 necessario
561 2699 725 2778 debebit
758 2724 844 2776 esse
876 2703 1095 2776 coniuncta

103 2838 300 2940 cuiusque
339 2837 582 2930 syntecticae
630 2837 819 2910 orationis
868 2852 1093 2912 structurae
1165 2819 1167 2826 ¹

101 2971 297 3047 historica
313 2971 519 3048 deductio,
566 2972 616 3044 Et
637 2968 803 3046 fortasse
826 2993 902 3070 pro
927 2968 1095 3046 historia

103 3111 222 3183 unius
248 3107 394 3180 aliusve
418 3111 529 3182 vocis
557 3105 705 3180 latinae
728 3124 771 3208 et
796 3129 965 3206 graecae
992 3131 1096 3180 non-

9 3261 14 3330 ζ
108 3242 221 3318 nulla
251 3244 451 3352 invenient
481 3245 524 3315 in
552 3239 859 3315 Bondelmontio
889 3267 996 3315 nova
1022 3241 1097 3316 uiri

108 3379 290 3455 doctrina
319 3379 484 3457 classica
506 3403 615 3454 nunc
638 3377 859 3478 principes,
885 3375 1096 3480 siquidem

9 3523 10 3528 ’
108 3542 209 3616 opus
231 3515 361 3592 isthoc
375 3489 580 3617 perlegere
596 3539 681 3589 non
698 3510 1026 3614 dedignabuntur.
1043 3557 1096 3577 -

22 3703 25 3709 ·
109 3648 262 3742 Gred0;
298 3668 338 3725 at
360 3677 444 3725 non
474 3676 638 3753 possum
660 3648 891 3724 ullomodo
921 3648 1095 3749 probare

40 3841 43 3848 χ
108 3813 193 3863 rem
211 3813 287 3890 pro
312 3785 477 3860 modulo
502 3790 614 3862 tenui
636 3787 968 3864 viriummearum
987 3785 1098 3866 inve·-

9 3959 10 3962 ¹
109 3925 251 4002 uilium
268 3928 382 4001 nirnis
404 3923 579 3999 arduam.
