<?xml version="1.0" encoding="UTF-8"?>
<!DOCTYPE html PUBLIC "-//W3C//DTD XHTML 1.0 Transitional//EN"
    "http://www.w3.org/TR/xhtml1/DTD/xhtml1-transitional.dtd">
<html xmlns="http://www.w3.org/1999/xhtml" xml:lang="en" lang="en">
 <head>
  <title>
</title>
<meta http-equiv="Content-Type" content="text/html;charset=utf-8" />
  <meta name='ocr-system' content='tesseract 3.04.00' />
  <meta name='ocr-capabilities' content='ocr_page ocr_carea ocr_par ocr_line ocrx_word'/>
</head>
<body>
  <div class='ocr_page' id='page_1' title='image "./christophbondel00buongoog_0200.png"; bbox 0 0 2738 5184; ppageno 0'>
   <div class='ocr_carea' id='block_1_1' title="bbox 214 347 223 379">
    <p class='ocr_par' dir='ltr' id='par_1_1' title="bbox 214 347 223 379">
     <span class='ocr_line' id='line_1_1' title="bbox 214 347 223 379; baseline 0 0"><span class='ocrx_word' id='word_1_1' title='bbox 214 347 223 379; x_wconf 80' lang='grc' dir='ltr'><em>Ι</em></span> 
     </span>
    </p>
   </div>
   <div class='ocr_carea' id='block_1_2' title="bbox 38 613 629 898">
    <p class='ocr_par' dir='ltr' id='par_1_2' title="bbox 38 581 629 898">
     <span class='ocr_line' id='line_1_2' title="bbox 89 613 629 694; baseline 0.004 -20"><span class='ocrx_word' id='word_1_2' title='bbox 89 613 349 694; x_wconf 77' lang='lat' dir='ltr'><em>extenditur]</em></span> <span class='ocrx_word' id='word_1_3' title='bbox 395 615 428 676; x_wconf 92' lang='lat' dir='ltr'>C</span> <span class='ocrx_word' id='word_1_4' title='bbox 444 616 629 676; x_wconf 73' lang='lat' dir='ltr'><strong>ostenditur.</strong></span> 
     </span>
     <span class='ocr_line' id='line_1_3' title="bbox 38 716 618 800; baseline 0.003 -24"><span class='ocrx_word' id='word_1_5' title='bbox 38 716 118 796; x_wconf 73' lang='lat' dir='ltr'><strong>Peg.</strong></span> <span class='ocrx_word' id='word_1_6' title='bbox 137 721 188 796; x_wconf 81' lang='lat'><strong>95.</strong></span> <span class='ocrx_word' id='word_1_7' title='bbox 221 718 407 799; x_wconf 79' lang='lat' dir='ltr'><strong>deniqne]</strong></span> <span class='ocrx_word' id='word_1_8' title='bbox 454 719 486 776; x_wconf 89' lang='lat' dir='ltr'><strong>C.</strong></span> <span class='ocrx_word' id='word_1_9' title='bbox 505 722 618 800; x_wconf 81' lang='lat' dir='ltr'><strong>igitur.</strong></span> 
     </span>
     <span class='ocr_line' id='line_1_4' title="bbox 88 819 466 898; baseline 0 -22"><span class='ocrx_word' id='word_1_10' title='bbox 88 819 248 898; x_wconf 83' lang='lat' dir='ltr'><strong>tenent]</strong></span> <span class='ocrx_word' id='word_1_11' title='bbox 294 821 466 882; x_wconf 69' lang='lat' dir='ltr'><strong>Qtaoent.</strong></span> 
     </span>
    </p>
   </div>
   <div class='ocr_carea' id='block_1_3' title="bbox 439 976 648 992">
    <p class='ocr_par' dir='ltr' id='par_1_3' title="bbox 439 976 648 992">
     <span class='ocr_line' id='line_1_5' title="bbox 439 976 648 992; baseline 0.01 -2"><span class='ocrx_word' id='word_1_12' title='bbox 439 976 648 992; x_wconf 56' lang='lat' dir='ltr'><strong>unna—-</strong></span> 
     </span>
    </p>
   </div>
   <div class='ocr_carea' id='block_1_4' title="bbox 512 1114 564 1178">
    <p class='ocr_par' dir='ltr' id='par_1_4' title="bbox 512 1114 564 1178">
     <span class='ocr_line' id='line_1_6' title="bbox 512 1114 564 1178; baseline -0.038 0"><span class='ocrx_word' id='word_1_13' title='bbox 512 1114 564 1178; x_wconf 86' lang='lat'><strong>35.</strong></span> 
     </span>
    </p>
   </div>
   <div class='ocr_carea' id='block_1_5' title="bbox 74 1230 1038 2635">
    <p class='ocr_par' dir='ltr' id='par_1_5' title="bbox 84 1230 1029 1521">
     <span class='ocr_line' id='line_1_7' title="bbox 84 1230 1029 1317; baseline 0.012 -20"><span class='ocrx_word' id='word_1_14' title='bbox 84 1230 331 1317; x_wconf 74' lang='lat' dir='ltr'><strong>Antiparos]</strong></span> <span class='ocrx_word' id='word_1_15' title='bbox 378 1236 631 1317; x_wconf 81' lang='lat' dir='ltr'><strong>A.Antiparum.</strong></span> <span class='ocrx_word' id='word_1_16' title='bbox 666 1237 750 1298; x_wconf 81' lang='lat' dir='ltr'><strong>Olim</strong></span> <span class='ocrx_word' id='word_1_17' title='bbox 768 1237 901 1316; x_wconf 73' lang='lat' dir='ltr'><strong>Oliaros,</strong></span> <span class='ocrx_word' id='word_1_18' title='bbox 923 1238 1029 1308; x_wconf 59' lang='lat' dir='ltr'><strong>»iiiia-</strong></span> 
     </span>
     <span class='ocr_line' id='line_1_8' title="bbox 129 1339 1028 1422; baseline 0.013 -27"><span class='ocrx_word' id='word_1_19' title='bbox 129 1360 192 1419; x_wconf 82' lang='grc' dir='ltr'><strong>ρος.</strong></span> <span class='ocrx_word' id='word_1_20' title='bbox 234 1339 507 1418; x_wconf 75' lang='lat' dir='ltr'><strong>Mannertp.‘753.</strong></span> <span class='ocrx_word' id='word_1_21' title='bbox 550 1342 632 1400; x_wconf 70' lang='lat' dir='ltr'><strong>oliv.</strong></span> <span class='ocrx_word' id='word_1_22' title='bbox 649 1340 722 1400; x_wconf 81' lang='lat' dir='ltr'><strong>&#39;l&#39;.2.</strong></span> <span class='ocrx_word' id='word_1_23' title='bbox 746 1363 855 1422; x_wconf 76' lang='lat' dir='ltr'><strong>P·177›</strong></span> <span class='ocrx_word' id='word_1_24' title='bbox 873 1347 921 1421; x_wconf 88' lang='lat'><strong>78.</strong></span> <span class='ocrx_word' id='word_1_25' title='bbox 966 1347 1028 1407; x_wconf 89' lang='lat' dir='ltr'><strong>Co-</strong></span> 
     </span>
     <span class='ocr_line' id='line_1_9' title="bbox 129 1441 634 1521; baseline 0 -21"><span class='ocrx_word' id='word_1_26' title='bbox 129 1462 187 1520; x_wconf 84' lang='lat' dir='ltr'><strong>ray</strong></span> <span class='ocrx_word' id='word_1_27' title='bbox 204 1442 244 1500; x_wconf 80' lang='lat' dir='ltr'><strong>ad</strong></span> <span class='ocrx_word' id='word_1_28' title='bbox 259 1443 362 1500; x_wconf 80' lang='lat' dir='ltr'><strong>Strab.</strong></span> <span class='ocrx_word' id='word_1_29' title='bbox 380 1441 507 1500; x_wconf 66' lang='lat' dir='ltr'><strong>&#39;sont</strong></span> <span class='ocrx_word' id='word_1_30' title='bbox 523 1463 552 1521; x_wconf 84' lang='lat' dir='ltr'><strong>p.</strong></span> <span class='ocrx_word' id='word_1_31' title='bbox 563 1443 634 1500; x_wconf 81' lang='lat'><strong>230.</strong></span> 
     </span>
    </p>

    <p class='ocr_par' dir='ltr' id='par_1_6' title="bbox 78 1540 1038 1824">
     <span class='ocr_line' id='line_1_10' title="bbox 78 1540 1028 1623; baseline 0.004 -23"><span class='ocrx_word' id='word_1_32' title='bbox 78 1540 260 1623; x_wconf 82' lang='lat' dir='ltr'><strong>poterit]</strong></span> <span class='ocrx_word' id='word_1_33' title='bbox 303 1543 415 1620; x_wconf 83' lang='lat' dir='ltr'><strong>supple</strong></span> <span class='ocrx_word' id='word_1_34' title='bbox 430 1563 632 1612; x_wconf 71' lang='lat' dir='ltr'><strong>enumerare,</strong></span> <span class='ocrx_word' id='word_1_35' title='bbox 651 1541 769 1619; x_wconf 82' lang='lat' dir='ltr'><strong>ellipsis</strong></span> <span class='ocrx_word' id='word_1_36' title='bbox 790 1551 899 1602; x_wconf 84' lang='lat' dir='ltr'><strong>nostro</strong></span> <span class='ocrx_word' id='word_1_37' title='bbox 916 1548 1028 1608; x_wconf 62' lang='lat' dir='ltr'><strong>admoa</strong></span> 
     </span>
     <span class='ocr_line' id='line_1_11' title="bbox 129 1641 1038 1726; baseline 0.002 -24"><span class='ocrx_word' id='word_1_38' title='bbox 129 1645 205 1702; x_wconf 85' lang='lat' dir='ltr'><strong>dum</strong></span> <span class='ocrx_word' id='word_1_39' title='bbox 224 1642 400 1704; x_wconf 79' lang='lat' dir='ltr'><strong>familiaris.</strong></span> <span class='ocrx_word' id='word_1_40' title='bbox 445 1643 508 1703; x_wconf 86' lang='lat' dir='ltr'><strong>Ctr.</strong></span> <span class='ocrx_word' id='word_1_41' title='bbox 524 1643 561 1702; x_wconf 87' lang='lat' dir='ltr'><strong>de</strong></span> <span class='ocrx_word' id='word_1_42' title='bbox 575 1641 634 1702; x_wconf 81' lang='lat' dir='ltr'><strong>hac</strong></span> <span class='ocrx_word' id='word_1_43' title='bbox 655 1644 806 1702; x_wconf 77' lang='lat' dir='ltr'><strong>infinitivi</strong></span> <span class='ocrx_word' id='word_1_44' title='bbox 823 1645 925 1726; x_wconf 83' lang='lat' dir='ltr'><strong>ellipsi</strong></span> <span class='ocrx_word' id='word_1_45' title='bbox 940 1648 1038 1711; x_wconf 64' lang='lat' dir='ltr'><strong>Rudu‘</strong></span> 
     </span>
     <span class='ocr_line' id='line_1_12' title="bbox 129 1744 818 1824; baseline -0.001 -20"><span class='ocrx_word' id='word_1_46' title='bbox 129 1744 269 1808; x_wconf 81' lang='lat' dir='ltr'><strong>dimann·</strong></span> <span class='ocrx_word' id='word_1_47' title='bbox 291 1744 325 1802; x_wconf 91' lang='lat' dir='ltr'><strong>T.</strong></span> <span class='ocrx_word' id='word_1_48' title='bbox 337 1764 365 1802; x_wconf 78' lang='lat'><strong>2.</strong></span> <span class='ocrx_word' id='word_1_49' title='bbox 385 1765 496 1824; x_wconf 84' lang='lat' dir='ltr'><strong>p.227.</strong></span> <span class='ocrx_word' id='word_1_50' title='bbox 509 1767 630 1824; x_wconf 79' lang='lat' dir='ltr'><strong>-ann.7.</strong></span> <span class='ocrx_word' id='word_1_51' title='bbox 652 1745 818 1806; x_wconf 63' lang='lat' dir='ltr'><strong>eostattb.</strong></span> 
     </span>
    </p>

    <p class='ocr_par' dir='ltr' id='par_1_7' title="bbox 78 1839 839 1928">
     <span class='ocr_line' id='line_1_13' title="bbox 78 1839 839 1928; baseline 0 -24"><span class='ocrx_word' id='word_1_52' title='bbox 78 1839 240 1928; x_wconf 72' lang='lat' dir='ltr'><strong>soleae]</strong></span> <span class='ocrx_word' id='word_1_53' title='bbox 286 1845 355 1903; x_wconf 85' lang='lat' dir='ltr'><strong>Vox</strong></span> <span class='ocrx_word' id='word_1_54' title='bbox 372 1867 481 1924; x_wconf 81' lang='lat' dir='ltr'><strong>graeca</strong></span> <span class='ocrx_word' id='word_1_55' title='bbox 499 1847 570 1905; x_wconf 90' lang='lat' dir='ltr'><strong>hod.</strong></span> <span class='ocrx_word' id='word_1_56' title='bbox 586 1843 696 1923; x_wconf 83' lang='grc' dir='ltr'><em>φολία,</em></span> <span class='ocrx_word' id='word_1_57' title='bbox 719 1849 839 1907; x_wconf 86' lang='lat' dir='ltr'><strong>nidum.</strong></span> 
     </span>
    </p>

    <p class='ocr_par' dir='ltr' id='par_1_8' title="bbox 74 1943 672 2027">
     <span class='ocr_line' id='line_1_14' title="bbox 74 1943 672 2027; baseline 0 -23"><span class='ocrx_word' id='word_1_58' title='bbox 74 1968 155 2027; x_wconf 85' lang='lat' dir='ltr'><strong>per</strong></span> <span class='ocrx_word' id='word_1_59' title='bbox 176 1944 402 2027; x_wconf 74' lang='lat' dir='ltr'><strong>scopulum]</strong></span> <span class='ocrx_word' id='word_1_60' title='bbox 449 1949 617 2007; x_wconf 81' lang='lat' dir='ltr'><strong>Desuntin</strong></span> <span class='ocrx_word' id='word_1_61' title='bbox 634 1943 672 2008; x_wconf 90' lang='lat' dir='ltr'><strong>C.</strong></span> 
     </span>
    </p>

    <p class='ocr_par' dir='ltr' id='par_1_9' title="bbox 81 2045 829 2126">
     <span class='ocr_line' id='line_1_15' title="bbox 81 2045 829 2126; baseline 0.005 -20"><span class='ocrx_word' id='word_1_62' title='bbox 81 2049 287 2106; x_wconf 82' lang='lat' dir='ltr'><strong><em>Praedam</em></strong></span> <span class='ocrx_word' id='word_1_63' title='bbox 315 2045 410 2126; x_wconf 84' lang='lat' dir='ltr'><strong>non]</strong></span> <span class='ocrx_word' id='word_1_64' title='bbox 459 2049 551 2107; x_wconf 80' lang='lat' dir='ltr'><strong>Deest</strong></span> <span class='ocrx_word' id='word_1_65' title='bbox 567 2049 727 2108; x_wconf 82' lang='lat' dir='ltr'><strong>Praedam</strong></span> <span class='ocrx_word' id='word_1_66' title='bbox 743 2051 777 2108; x_wconf 88' lang='lat' dir='ltr'><strong>in</strong></span> <span class='ocrx_word' id='word_1_67' title='bbox 795 2049 829 2111; x_wconf 82' lang='grc' dir='ltr'><strong>Α.</strong></span> 
     </span>
    </p>

    <p class='ocr_par' dir='ltr' id='par_1_10' title="bbox 81 2127 1028 2635">
     <span class='ocr_line' id='line_1_16' title="bbox 81 2127 1028 2234; baseline 0.008 -26"><span class='ocrx_word' id='word_1_68' title='bbox 81 2152 140 2208; x_wconf 83' lang='lat' dir='ltr'><strong>Pl</strong></span> <span class='ocrx_word' id='word_1_69' title='bbox 147 2127 276 2230; x_wconf 68' lang='lat' dir='ltr'><strong>inias]</strong></span> <span class='ocrx_word' id='word_1_70' title='bbox 322 2154 512 2209; x_wconf 80' lang='lat' dir='ltr'><strong>Annotatum</strong></span> <span class='ocrx_word' id='word_1_71' title='bbox 528 2151 641 2209; x_wconf 86' lang='lat' dir='ltr'><strong>eratin</strong></span> <span class='ocrx_word' id='word_1_72' title='bbox 656 2149 729 2208; x_wconf 86' lang='lat' dir='ltr'><strong>Cod.</strong></span> <span class='ocrx_word' id='word_1_73' title='bbox 747 2154 781 2210; x_wconf 81' lang='lat' dir='ltr'><strong>t.</strong></span> <span class='ocrx_word' id='word_1_74' title='bbox 795 2157 833 2212; x_wconf 80' lang='lat' dir='ltr'><strong>ab</strong></span> <span class='ocrx_word' id='word_1_75' title='bbox 848 2153 909 2213; x_wconf 79' lang='lat' dir='ltr'><strong>alia</strong></span> <span class='ocrx_word' id='word_1_76' title='bbox 922 2168 1028 2234; x_wconf 83' lang='lat' dir='ltr'><strong>manu,&#39;</strong></span> 
     </span>
     <span class='ocr_line' id='line_1_17' title="bbox 128 2251 1028 2332; baseline 0.012 -24"><span class='ocrx_word' id='word_1_77' title='bbox 128 2251 183 2309; x_wconf 74' lang='lat' dir='ltr'><strong>lto.</strong></span> <span class='ocrx_word' id='word_1_78' title='bbox 200 2253 250 2330; x_wconf 79' lang='lat'><strong>37.</strong></span> <span class='ocrx_word' id='word_1_79' title='bbox 301 2252 362 2310; x_wconf 89' lang='lat' dir='ltr'><strong>Sed</strong></span> <span class='ocrx_word' id='word_1_80' title='bbox 376 2253 497 2327; x_wconf 87' lang='lat' dir='ltr'><strong>locum,</strong></span> <span class='ocrx_word' id='word_1_81' title='bbox 521 2271 612 2331; x_wconf 73' lang='lat' dir='ltr'><strong>quem</strong></span> <span class='ocrx_word' id='word_1_82' title='bbox 637 2251 732 2310; x_wconf 80' lang='lat' dir='ltr'>anxie</span> <span class='ocrx_word' id='word_1_83' title='bbox 750 2256 937 2332; x_wconf 85' lang='lat' dir='ltr'><strong>oonquirere</strong></span> <span class='ocrx_word' id='word_1_84' title='bbox 961 2279 1028 2319; x_wconf 88' lang='lat' dir='ltr'><strong>non</strong></span> 
     </span>
     <span class='ocr_line' id='line_1_18' title="bbox 129 2352 1027 2432; baseline 0.009 -19"><span class='ocrx_word' id='word_1_85' title='bbox 129 2357 276 2428; x_wconf 78' lang='lat' dir='ltr'><strong>vocabat,</strong></span> <span class='ocrx_word' id='word_1_86' title='bbox 306 2375 371 2412; x_wconf 88' lang='lat' dir='ltr'><strong>non</strong></span> <span class='ocrx_word' id='word_1_87' title='bbox 387 2355 506 2416; x_wconf 87' lang='lat' dir='ltr'><strong>inveni.</strong></span> <span class='ocrx_word' id='word_1_88' title='bbox 550 2353 590 2412; x_wconf 82' lang='lat' dir='ltr'><strong>Et</strong></span> <span class='ocrx_word' id='word_1_89' title='bbox 612 2352 650 2413; x_wconf 87' lang='lat' dir='ltr'><strong>de</strong></span> <span class='ocrx_word' id='word_1_90' title='bbox 670 2353 820 2432; x_wconf 78' lang='lat' dir='ltr'><strong>spelunca</strong></span> <span class='ocrx_word' id='word_1_91' title='bbox 843 2357 898 2416; x_wconf 81' lang='lat' dir='ltr'><strong>itta</strong></span> <span class='ocrx_word' id='word_1_92' title='bbox 921 2371 1027 2422; x_wconf 84' lang='lat' dir='ltr'><strong>noster</strong></span> 
     </span>
     <span class='ocr_line' id='line_1_19' title="bbox 125 2455 1028 2542; baseline 0.009 -30"><span class='ocrx_word' id='word_1_93' title='bbox 125 2474 167 2513; x_wconf 87' lang='lat' dir='ltr'><strong>ne</strong></span> <span class='ocrx_word' id='word_1_94' title='bbox 185 2457 316 2514; x_wconf 79' lang='lat' dir='ltr'><strong>verbum</strong></span> <span class='ocrx_word' id='word_1_95' title='bbox 331 2455 481 2542; x_wconf 55' lang='lat' dir='ltr'><strong>quidem?</strong></span> <span class='ocrx_word' id='word_1_96' title='bbox 520 2455 618 2514; x_wconf 83' lang='lat' dir='ltr'><strong>-Modo</strong></span> <span class='ocrx_word' id='word_1_97' title='bbox 633 2475 690 2534; x_wconf 82' lang='lat' dir='ltr'><strong>pro</strong></span> <span class='ocrx_word' id='word_1_98' title='bbox 705 2456 829 2536; x_wconf 76' lang='lat' dir='ltr'><strong>colligit</strong></span> <span class='ocrx_word' id='word_1_99' title='bbox 845 2455 880 2519; x_wconf 86' lang='lat' dir='ltr'><strong>C.</strong></span> <span class='ocrx_word' id='word_1_100' title='bbox 896 2459 950 2519; x_wconf 79' lang='lat' dir='ltr'><strong>dat</strong></span> <span class='ocrx_word' id='word_1_101' title='bbox 961 2463 1028 2522; x_wconf 83' lang='lat' dir='ltr'><strong>col-</strong></span> 
     </span>
     <span class='ocr_line' id='line_1_20' title="bbox 130 2557 220 2635; baseline -0.044 -19"><span class='ocrx_word' id='word_1_102' title='bbox 130 2557 220 2635; x_wconf 74' lang='lat' dir='ltr'><strong>legis.</strong></span> 
     </span>
    </p>
   </div>
   <div class='ocr_carea' id='block_1_6' title="bbox 433 2657 641 2674">
    <p class='ocr_par' dir='ltr' id='par_1_11' title="bbox 433 2657 641 2674">
     <span class='ocr_line' id='line_1_21' title="bbox 433 2657 641 2674; baseline 0.005 -2"><span class='ocrx_word' id='word_1_103' title='bbox 433 2657 641 2674; x_wconf 49' lang='lat' dir='ltr'><strong><em>m</em></strong></span> 
     </span>
    </p>
   </div>
   <div class='ocr_carea' id='block_1_7' title="bbox 512 2799 564 2866">
    <p class='ocr_par' dir='ltr' id='par_1_12' title="bbox 512 2799 564 2866">
     <span class='ocr_line' id='line_1_22' title="bbox 512 2799 564 2866; baseline -0.058 0"><span class='ocrx_word' id='word_1_104' title='bbox 512 2799 564 2866; x_wconf 78' lang='lat'><strong>36.</strong></span> 
     </span>
    </p>
   </div>
   <div class='ocr_carea' id='block_1_8' title="bbox 81 2923 1139 3216">
    <p class='ocr_par' dir='ltr' id='par_1_13' title="bbox 81 2923 1139 3216">
     <span class='ocr_line' id='line_1_23' title="bbox 81 2923 1029 3006; baseline -0.005 -17"><span class='ocrx_word' id='word_1_105' title='bbox 81 2923 314 3006; x_wconf 85' lang='lat' dir='ltr'><strong>Panayom]</strong></span> <span class='ocrx_word' id='word_1_106' title='bbox 359 2924 392 2986; x_wconf 82' lang='grc' dir='ltr'><strong>Α.</strong></span> <span class='ocrx_word' id='word_1_107' title='bbox 414 2929 568 3006; x_wconf 84' lang='lat' dir='ltr'><strong>Panaya,</strong></span> <span class='ocrx_word' id='word_1_108' title='bbox 595 2925 670 2984; x_wconf 84' lang='lat' dir='ltr'><strong>item</strong></span> <span class='ocrx_word' id='word_1_109' title='bbox 689 2927 785 3001; x_wconf 89' lang='lat' dir='ltr'><strong>bene,</strong></span> <span class='ocrx_word' id='word_1_110' title='bbox 806 2949 879 2986; x_wconf 82' lang='lat' dir='ltr'><strong>nam</strong></span> <span class='ocrx_word' id='word_1_111' title='bbox 898 2931 932 2990; x_wconf 85' lang='lat' dir='ltr'><strong>in</strong></span> <span class='ocrx_word' id='word_1_112' title='bbox 954 2934 1029 2994; x_wconf 79' lang='lat' dir='ltr'>vul.</span> 
     </span>
     <span class='ocr_line' id='line_1_24' title="bbox 127 3021 1027 3114; baseline 0.006 -24"><span class='ocrx_word' id='word_1_113' title='bbox 127 3031 195 3112; x_wconf 80' lang='lat' dir='ltr'><strong>gsri</strong></span> <span class='ocrx_word' id='word_1_114' title='bbox 210 3049 353 3088; x_wconf 82' lang='lat' dir='ltr'><strong>sermone</strong></span> <span class='ocrx_word' id='word_1_115' title='bbox 371 3029 452 3106; x_wconf 84' lang='lat' dir='ltr'><strong>opud</strong></span> <span class='ocrx_word' id='word_1_116' title='bbox 469 3028 637 3086; x_wconf 78' lang='lat' dir='ltr'><strong>hodiernos</strong></span> <span class='ocrx_word' id='word_1_117' title='bbox 653 3021 780 3110; x_wconf 69' lang='grc' dir='ltr'><strong><em>χυδαίως</em></strong></span> <span class='ocrx_word' id='word_1_118' title='bbox 794 3023 829 3089; x_wconf 79' lang='grc' dir='ltr'><strong>τὸ</strong></span> <span class='ocrx_word' id='word_1_119' title='bbox 848 3025 865 3092; x_wconf 65' lang='lat' dir='ltr'><strong>i</strong></span> <span class='ocrx_word' id='word_1_120' title='bbox 883 3033 977 3114; x_wconf 76' lang='lat' dir='ltr'><strong>finale</strong></span> <span class='ocrx_word' id='word_1_121' title='bbox 992 3040 1027 3100; x_wconf 90' lang='lat' dir='ltr'><strong>in</strong></span> 
     </span>
     <span class='ocr_line' id='line_1_25' title="bbox 105 3114 1139 3216; baseline 0.006 -26"><span class='ocrx_word' id='word_1_122' title='bbox 105 3114 316 3190; x_wconf 49' lang='lat' dir='ltr'><strong>&#39;accusativis</strong></span> <span class='ocrx_word' id='word_1_123' title='bbox 340 3130 501 3208; x_wconf 84' lang='lat' dir='ltr'>quibusvis</span> <span class='ocrx_word' id='word_1_124' title='bbox 522 3128 685 3204; x_wconf 82' lang='lat' dir='ltr'><strong>abiicitur,</strong></span> <span class='ocrx_word' id='word_1_125' title='bbox 708 3130 751 3187; x_wconf 83' lang='lat' dir='ltr'><strong>ita</strong></span> <span class='ocrx_word' id='word_1_126' title='bbox 772 3131 805 3188; x_wconf 86' lang='lat' dir='ltr'><strong>in</strong></span> <span class='ocrx_word' id='word_1_127' title='bbox 830 3132 1028 3216; x_wconf 81' lang='lat' dir='ltr'><strong>Geogrophia</strong></span> <span class='ocrx_word' id='word_1_128' title='bbox 1134 3153 1139 3162; x_wconf 94' lang='grc'><strong><em>·</em></strong></span> 
     </span>
    </p>
   </div>
   <div class='ocr_carea' id='block_1_9' title="bbox 126 3223 1029 4022">
    <p class='ocr_par' dir='ltr' id='par_1_14' title="bbox 126 3223 1029 4022">
     <span class='ocr_line' id='line_1_26' title="bbox 126 3223 1027 3312; baseline 0.006 -20"><span class='ocrx_word' id='word_1_129' title='bbox 126 3254 210 3292; x_wconf 83' lang='lat' dir='ltr'><strong>nova</strong></span> <span class='ocrx_word' id='word_1_130' title='bbox 226 3232 257 3290; x_wconf 94' lang='grc' dir='ltr'><strong><em>Γ</em></strong></span> <span class='ocrx_word' id='word_1_131' title='bbox 253 3234 403 3311; x_wconf 79' lang='grc' dir='ltr'><em>εωγραφία</em></span> <span class='ocrx_word' id='word_1_132' title='bbox 418 3223 582 3310; x_wconf 68' lang='grc' dir='ltr'><em>νεωτερικὴ,</em></span> <span class='ocrx_word' id='word_1_133' title='bbox 607 3229 744 3288; x_wconf 79' lang='lat' dir='ltr'><strong>Viennae</strong></span> <span class='ocrx_word' id='word_1_134' title='bbox 759 3249 847 3312; x_wconf 84' lang='lat'>1791.</span> <span class='ocrx_word' id='word_1_135' title='bbox 880 3237 939 3297; x_wconf 84' lang='lat' dir='ltr'><strong>Pro</strong></span> <span class='ocrx_word' id='word_1_136' title='bbox 953 3245 1027 3308; x_wconf 68' lang='grc' dir='ltr'><strong>Πω.</strong></span> 
     </span>
     <span class='ocr_line' id='line_1_27' title="bbox 128 3331 1028 3416; baseline 0.007 -24"><span class='ocrx_word' id='word_1_137' title='bbox 128 3335 233 3414; x_wconf 66' lang='grc' dir='ltr'><strong><em>ωαγία,</em></strong></span> <span class='ocrx_word' id='word_1_138' title='bbox 270 3355 383 3398; x_wconf 83' lang='lat' dir='ltr'><strong>nomen</strong></span> <span class='ocrx_word' id='word_1_139' title='bbox 406 3333 464 3391; x_wconf 79' lang='lat' dir='ltr'><strong>Sao</strong></span> <span class='ocrx_word' id='word_1_140' title='bbox 481 3332 618 3412; x_wconf 82' lang='lat' dir='ltr'><strong>Virginis</strong></span> <span class='ocrx_word' id='word_1_141' title='bbox 642 3331 772 3407; x_wconf 84' lang='lat' dir='ltr'><strong>Mariae,</strong></span> <span class='ocrx_word' id='word_1_142' title='bbox 801 3347 909 3416; x_wconf 75' lang='lat' dir='ltr'><strong>yante‘</strong></span> <span class='ocrx_word' id='word_1_143' title='bbox 927 3344 940 3397; x_wconf 84' lang='grc' dir='ltr'><strong>ι’</strong></span> <span class='ocrx_word' id='word_1_144' title='bbox 960 3355 991 3404; x_wconf 83' lang='lat' dir='ltr'><strong>et</strong></span> <span class='ocrx_word' id='word_1_145' title='bbox 1012 3369 1028 3404; x_wconf 73' lang='lat' dir='ltr'><strong>e</strong></span> 
     </span>
     <span class='ocr_line' id='line_1_28' title="bbox 129 3434 1023 3512; baseline 0.008 -19"><span class='ocrx_word' id='word_1_146' title='bbox 129 3435 252 3493; x_wconf 85' lang='lat' dir='ltr'><strong>vocales</strong></span> <span class='ocrx_word' id='word_1_147' title='bbox 274 3445 309 3492; x_wconf 91' lang='lat' dir='ltr'><strong>ut</strong></span> <span class='ocrx_word' id='word_1_148' title='bbox 316 3439 337 3511; x_wconf 88' lang='lat' dir='ltr'><em>j</em></span> <span class='ocrx_word' id='word_1_149' title='bbox 354 3435 504 3510; x_wconf 62' lang='lat' dir='ltr'><strong>effertur,</strong></span> <span class='ocrx_word' id='word_1_150' title='bbox 519 3435 608 3492; x_wconf 79' lang='lat' dir='ltr'><strong>velut</strong></span> <span class='ocrx_word' id='word_1_151' title='bbox 627 3435 710 3512; x_wconf 79' lang='lat' dir='ltr'><strong>opud</strong></span> <span class='ocrx_word' id='word_1_152' title='bbox 726 3434 876 3495; x_wconf 86' lang='lat' dir='ltr'><strong>Borussos</strong></span> <span class='ocrx_word' id='word_1_153' title='bbox 897 3441 931 3498; x_wconf 88' lang='lat' dir='ltr'><strong>in</strong></span> <span class='ocrx_word' id='word_1_154' title='bbox 947 3445 1023 3504; x_wconf 51' lang='lat' dir='ltr'><strong>Ger*</strong></span> 
     </span>
     <span class='ocr_line' id='line_1_29' title="bbox 129 3533 1029 3616; baseline 0.002 -22"><span class='ocrx_word' id='word_1_155' title='bbox 129 3538 244 3598; x_wconf 81' lang='lat' dir='ltr'><strong>mania.</strong></span> <span class='ocrx_word' id='word_1_156' title='bbox 287 3539 461 3616; x_wconf 84' lang='lat' dir='ltr'><strong>Antiquum</strong></span> <span class='ocrx_word' id='word_1_157' title='bbox 477 3555 591 3594; x_wconf 89' lang='lat' dir='ltr'><strong>nomen</strong></span> <span class='ocrx_word' id='word_1_158' title='bbox 608 3533 702 3592; x_wconf 88' lang='lat' dir='ltr'><strong>huius</strong></span> <span class='ocrx_word' id='word_1_159' title='bbox 722 3536 843 3596; x_wconf 80' lang='lat' dir='ltr'><strong>insulae</strong></span> <span class='ocrx_word' id='word_1_160' title='bbox 859 3540 956 3602; x_wconf 86' lang='lat' dir='ltr'><strong>fuisse</strong></span> <span class='ocrx_word' id='word_1_161' title='bbox 977 3547 1029 3606; x_wconf 85' lang='lat' dir='ltr'><strong>vi.</strong></span> 
     </span>
     <span class='ocr_line' id='line_1_30' title="bbox 129 3635 1026 3718; baseline 0.008 -18"><span class='ocrx_word' id='word_1_162' title='bbox 129 3641 221 3700; x_wconf 86' lang='lat' dir='ltr'><strong>detur</strong></span> <span class='ocrx_word' id='word_1_163' title='bbox 238 3639 370 3718; x_wconf 81' lang='lat' dir='ltr'><strong>Lagussa</strong></span> <span class='ocrx_word' id='word_1_164' title='bbox 385 3639 435 3697; x_wconf 86' lang='lat' dir='ltr'><strong>vel</strong></span> <span class='ocrx_word' id='word_1_165' title='bbox 451 3637 584 3716; x_wconf 84' lang='lat' dir='ltr'><strong>Lagusa,</strong></span> <span class='ocrx_word' id='word_1_166' title='bbox 606 3636 689 3716; x_wconf 79' lang='lat' dir='ltr'><strong>apud</strong></span> <span class='ocrx_word' id='word_1_167' title='bbox 707 3635 852 3697; x_wconf 77' lang='lat' dir='ltr'><strong>strabon.</strong></span> <span class='ocrx_word' id='word_1_168' title='bbox 867 3640 887 3698; x_wconf 89' lang='lat' dir='ltr'><strong>l.</strong></span> <span class='ocrx_word' id='word_1_169' title='bbox 898 3663 945 3706; x_wconf 90' lang='lat'><strong>10.</strong></span> <span class='ocrx_word' id='word_1_170' title='bbox 962 3667 985 3704; x_wconf 93' lang='lat' dir='ltr'><strong>c.</strong></span> <span class='ocrx_word' id='word_1_171' title='bbox 998 3649 1026 3706; x_wconf 88' lang='lat'><strong>5.</strong></span> 
     </span>
     <span class='ocr_line' id='line_1_31' title="bbox 128 3735 1028 3822; baseline -0.001 -22"><span class='ocrx_word' id='word_1_172' title='bbox 128 3739 160 3822; x_wconf 76' lang='lat'><strong>§.</strong></span> <span class='ocrx_word' id='word_1_173' title='bbox 176 3762 200 3800; x_wconf 83' lang='grc' dir='ltr'><strong>ι.</strong></span> <span class='ocrx_word' id='word_1_174' title='bbox 224 3741 326 3819; x_wconf 58' lang='lat' dir='ltr'><strong>poto</strong></span> <span class='ocrx_word' id='word_1_175' title='bbox 348 3739 415 3797; x_wconf 84' lang='lat' dir='ltr'><strong>Cas.</strong></span> <span class='ocrx_word' id='word_1_176' title='bbox 441 3757 552 3818; x_wconf 83' lang='lat' dir='ltr'><strong>p.290.</strong></span> <span class='ocrx_word' id='word_1_177' title='bbox 573 3736 609 3795; x_wconf 86' lang='lat' dir='ltr'><strong>T.</strong></span> <span class='ocrx_word' id='word_1_178' title='bbox 620 3737 647 3795; x_wconf 80' lang='lat'><strong>2&#39;.</strong></span> <span class='ocrx_word' id='word_1_179' title='bbox 666 3735 777 3816; x_wconf 83' lang='lat' dir='ltr'><strong>Coray.</strong></span> <span class='ocrx_word' id='word_1_180' title='bbox 828 3740 927 3803; x_wconf 84' lang='lat' dir='ltr'><strong>Hodie</strong></span> <span class='ocrx_word' id='word_1_181' title='bbox 950 3745 1028 3806; x_wconf 83' lang='lat' dir='ltr'>Car.</span> 
     </span>
     <span class='ocr_line' id='line_1_32' title="bbox 130 3838 1028 3936; baseline 0.007 -34"><span class='ocrx_word' id='word_1_182' title='bbox 130 3842 261 3902; x_wconf 82' lang='lat' dir='ltr'><strong>diotissa</strong></span> <span class='ocrx_word' id='word_1_183' title='bbox 278 3843 327 3900; x_wconf 90' lang='lat' dir='ltr'><strong>vel</strong></span> <span class='ocrx_word' id='word_1_184' title='bbox 346 3839 558 3915; x_wconf 83' lang='lat' dir='ltr'><strong>Cardiokissa,</strong></span> <span class='ocrx_word' id='word_1_185' title='bbox 579 3838 663 3918; x_wconf 82' lang='lat' dir='ltr'><strong>apud</strong></span> <span class='ocrx_word' id='word_1_186' title='bbox 680 3839 820 3918; x_wconf 74' lang='lat' dir='ltr'><strong>Nigrum</strong></span> <span class='ocrx_word' id='word_1_187' title='bbox 835 3840 1028 3936; x_wconf 60' lang='lat' dir='ltr'><strong>Christiana⁸</strong></span> 
     </span>
     <span class='ocr_line' id='line_1_33' title="bbox 129 3939 1029 4022; baseline 0.007 -16"><span class='ocrx_word' id='word_1_188' title='bbox 129 3965 171 4006; x_wconf 87' lang='lat' dir='ltr'><strong>ex</strong></span> <span class='ocrx_word' id='word_1_189' title='bbox 192 3943 455 4022; x_wconf 67' lang='lat' dir='ltr'><strong>interpretatione</strong></span> <span class='ocrx_word' id='word_1_190' title='bbox 473 3943 561 4003; x_wconf 83' lang='lat' dir='ltr'><strong>vocis</strong></span> <span class='ocrx_word' id='word_1_191' title='bbox 581 3941 722 4021; x_wconf 78' lang='lat' dir='ltr'><strong>Panagia.</strong></span> <span class='ocrx_word' id='word_1_192' title='bbox 766 3942 857 4019; x_wconf 85' lang='lat' dir='ltr'><strong>Apud</strong></span> <span class='ocrx_word' id='word_1_193' title='bbox 877 3939 1029 4012; x_wconf 79' lang='lat' dir='ltr'><strong>Choiseut</strong></span> 
     </span>
    </p>
   </div>
   <div class='ocr_carea' id='block_1_10' title="bbox 790 4041 820 4102">
    <p class='ocr_par' dir='ltr' id='par_1_15' title="bbox 790 4041 820 4102">
     <span class='ocr_line' id='line_1_34' title="bbox 790 4041 820 4102; baseline 0 0"><span class='ocrx_word' id='word_1_194' title='bbox 790 4041 820 4102; x_wconf 84' lang='lat' dir='ltr'>N</span> 
     </span>
    </p>
   </div>
   <div class='ocr_carea' id='block_1_11' title="bbox 0 0 1378 5184">
    <p class='ocr_par' dir='ltr' id='par_1_16' title="bbox 0 0 1378 5184">
     <span class='ocr_line' id='line_1_35' title="bbox 0 0 1378 5184; baseline 0 0"><span class='ocrx_word' id='word_1_195' title='bbox 0 0 1378 5184; x_wconf 95' lang='lat' dir='ltr'><strong> </strong></span> 
     </span>
    </p>
   </div>
  </div>
 </body>
</html>
