2728 5186
954 487 1030 560 213

128 673 389 761 παραλληλισμὸς.
411 679 505 760 p015.
526 679 573 746 16.
627 679 685 740 llic
707 682 792 742 reses
815 703 924 745 vocem
946 677 1030 769 6ῳᾶ-

129 799 213 859 ριον,
238 781 410 842 derivatam
425 783 463 842 ab
478 775 574 861 ὄψον,
599 785 683 863 quod
698 777 830 868 ὀψάριον
844 786 877 844 in
892 783 933 848 N.
941 784 1031 853 Test.

129 901 255 941 sensum
277 884 362 963 apud
381 881 447 942 loh.
464 881 521 942 Ev.
538 884 574 959 6,
593 905 642 944 11.
666 905 728 960 21,
745 907 774 965 9.
793 899 841 946 10.
862 887 911 947 13.
934 883 1032 946 habet

124 984 262 1041 eundem
276 994 368 1062 atque
383 983 571 1045 hodiernum
585 979 678 1068 ψάρι,
697 987 802 1064 piscis.
831 986 868 1046 V.
878 985 1030 1047 Schleus-

107 1071 109 1074 ¹
125 1102 186 1140 ner
201 1093 233 1142 et
247 1084 338 1144 wahl
353 1085 387 1144 in
402 1084 501 1144 Lexx.
515 1106 539 1142 s.
550 1105 596 1146 v.·
612 1085 659 1144 De
673 1079 756 1165 ὄψον
773 1087 1029 1148 esr.Boiss0nade
1079 1145 1081 1152 .

126 1185 167 1242 ad
188 1183 321 1264 Diogen.
342 1185 439 1265 Epist.
460 1184 588 1246 Notices
619 1195 652 1247 et
671 1185 811 1247 Extraits
831 1185 878 1247 Ὕ.
893 1205 923 1248 2.
951 1189 984 1247 P.
997 1207 1029 1250 2.
1075 1234 1078 1248 .

124 1305 157 1364 p·
171 1304 244 1363 227.
264 1291 306 1344 n0
321 1306 359 1363 23
388 1296 420 1346 et
440 1287 478 1346 de
495 1281 630 1371 ὀψάριον
648 1289 783 1348 eundem
797 1289 837 1349 sd
855 1288 1029 1349 Herodian.

122 1385 322 1464 Epimerism.
338 1408 369 1466 p.
381 1386 450 1447 105.
472 1408 544 1448 11.1.
566 1419 609 1434 -
639 1388 777 1448 Omnino
793 1409 834 1448 ex
849 1389 1028 1449 Graecitate

124 1485 280 1546 hodierna
294 1487 463 1567 plurimam
483 1490 645 1569 percipere
665 1498 768 1570 potest
788 1490 957 1548 utilitatem
975 1488 1029 1548 in·

122 1597 245 1666 terpres
266 1589 350 1649 Novi
364 1590 558 1649 Testamenti
577 1589 817 1670 grammaticus,
847 1590 932 1668 quod
950 1608 1027 1650 mox

78 1689 81 1694 ‘
120 1689 158 1748 in
175 1689 444 1750 commentatione
458 1691 572 1750 fusiori
586 1691 703 1750 calamo
719 1691 949 1750 demonstrabo.
970 1688 1028 1749 ln-

121 1791 216 1849 terim
231 1789 283 1850 adi
301 1790 484 1852 Orationem
498 1793 611 1852 sestam
626 1812 726 1852 meam
742 1791 789 1852 De
801 1792 939 1866 ambitis,
960 1789 1028 1850 uti-

120 1891 210 1951 litate
228 1899 263 1951 et
282 1893 467 1954 necessitate
486 1893 584 1954 studii
598 1893 771 1974 Exegeseos
791 1911 908 1953 sacrae.
929 1911 960 1973 p.
977 1901 1028 1969 17.'

127 1993 177 2051 18.
199 2012 227 2052 c.
247 2002 313 2052 not.
327 2011 379 2054 2ο.

77 2094 303 2153 domestica
326 2093 598 2176 quamplura]
631 2095 669 2158 Α.
685 2095 967 2176 additpostplura
983 2121 1023 2136 ·-

122 2196 305 2258 dimitteret.
348 2195 482 2256 Pessime
503 2205 608 2268 ortum
629 2216 671 2256 ex
684 2196 852 2256 deveniret.

78 2299 251 2369 Boreas,
281 2299 450 2358 emissus
480 2297 528 2357 ab
556 2293 695 2377 antro]
751 2297 883 2358 Disiecti
910 2297 1023 2377 poetas

119 2403 305 2463 membrum.
348 2398 433 2478 Virg.
449 2401 523 2458 Aen.
538 2400 574 2474 3,
592 2398 664 2478 687.

79 2496 326 2580 submergit]
371 2498 404 2556 C.
419 2497 615 2556 ricimerem..

76 2615 116 2662 et
135 2622 204 2680 per
226 2600 424 2679 insulam]
468 2598 562 2657 Deest
578 2610 609 2656 et
625 2601 661 2656 in
680 2594 715 2654 C.

77 2723 203 2780 aegas
230 2695 327 2778 una]
373 2697 468 2758 Deest
482 2719 547 2756 una
563 2698 596 2757 in
611 2700 645 2756 A.

77 2825 225 2864 carnes
247 2798 444 2878 illarum]
487 2800 563 2864 mc.
580 2799 718 2858 illorum.

77 2908 211 2984 lignis
233 2898 562 2985 circumpositis]
605 2897 945 2977 A.l.circumpouitiss'

72 2991 260 3088 propere]
305 3003 339 3063 A.
351 3025 452 3084 prope.

73 3108 127 3168 ad
151 3119 312 3164 tartara
343 3101 601 3180 mandavere]
651 3099 1020 3163 (3.110111111111111111101ὶὴΙ

119 3209 178 3268 dit.
197 3189 200 3201 ’
221 3207 268 3268 Ad
283 3215 383 3268 totum
397 3213 492 3285 caput
511 3203 622 3264 Bosolr.
635 3201 725 3282 p.76.

499 3485 552 3554 58.

75 3609 267 3692 Plinius]
312 3612 334 3672 l.
350 3611 379 3672 5.
401 3633 428 3671 c.
443 3611 495 3671 31.
508 3620 539 3671 et
556 3611 635 3674 alibi
654 3609 693 3670 cle
713 3607 772 3668 hac
787 3605 896 3667 insula
911 3604 1017 3684 loqui-‘
1144 3601 1146 3608 ’

117 3726 188 3792 tur,
217 3715 272 3775 sed
293 3733 452 3792 nunquam
474 3713 607 3773 barbara
631 3711 708 3772 haec
728 3708 851 3788 profert
877 3706 1018 3768 nomina.

116 3817 317 3894 Adscriptum
330 3815 366 3872 in
379 3813 415 3873 A.
428 3815 467 3873 ab
482 3814 544 3874 alia
556 3833 652 3874 manu
664 3812 744 3883 Plin.
758 3809 790 3868 h.
804 3831 836 3870 11.
851 3809 909 3868 Μ.
928 3827 955 3868 ct
968 3829 1017 3867 111.

75 3912 278 4002 Syrisior]
342 3913 376 3973 C.
399 3913 561 3994 Scyrisior.
621 3913 764 3976 Fortasse
788 3911 951 3990 corruptio
973 3927 1016 3969 ex

114 4017 260 4096 Ariusia,
285 4016 362 4081 vino
383 4015 595 4092 celeberrima.
646 4015 760 4078 Strabo
782 4035 814 4096 p.
836 4011 908 4076 645.
947 4009 1017 4080 Cas,
