2728 5186
213 541 219 550 ,
259 459 337 534 220

724 641 776 709 60.

309 769 476 850 Tenedi]
521 767 555 832 C.
582 767 726 828 Tenedos.

301 878 451 936 stricti
474 865 720 949 Romanius]
764 861 933 941 Strictum,
962 872 1094 942 stretto,
1118 865 1245 925 detroit.

339 995 373 1037 v.
392 975 442 1036 Du
458 973 560 1054 Gange
581 993 603 1032 s.
613 993 644 1032 v.

304 1073 472 1154 iuvene]
517 1073 625 1133 luveni
639 1093 753 1132 nomen
769 1076 838 1129 eret
858 1069 986 1128 Tennes.
1022 1065 1100 1126 Vide
1114 1067 1246 1126 meliore

341 1176 425 1256 apud
440 1175 593 1234 Tournef.
608 1195 638 1254 p.
650 1174 719 1234 151.
764 1169 866 1229 Melet.
881 1190 910 1248 p.
922 1171 993 1227 484.

297 1271 606 1356 Laomedontis]
650 1273 747 1332 codd.
767 1270 1007 1330 Laumedontis.

224 1427 228 1433 .
307 1363 480 1460 Graeci]
522 1395 554 1436 v.
570 1374 682 1455 virgil.
699 1373 772 1433 Aen.
790 1391 819 1447 2,
835 1391 886 1433 αι.
900 1391 944 1450 sq.

306 1479 430 1538 Troia
453 1477 589 1536 deleta
611 1463 696 1559 eet]
742 1473 774 1532 C.
797 1475 831 1532 T.
847 1473 970 1552 chns't.

299 1579 451 1638 bellum
472 1573 613 1655 atrox]
656 1575 752 1636 Codd.
775 1573 931 1635 &atroce-

300 1680 446 1740 nullus
468 1682 510 1736 in
543 1698 586 1735 ea
617 1677 739 1736 asedec
770 1673 988 1758 habitare]
1038 1673 1120 1755 Ergo
1146 1673 1246 1732 Turei

341 1779 574 1840 eamnondum
595 1779 741 1838 habuisse
759 1777 927 1853 videntur,
951 1779 1036 1858 quod
1059 1796 1132 1855 ergo
1154 1775 1247 1834 Men-

342 1892 436 1948 nerto
460 1879 649 1942 eonttedicit
671 1879 724 1958 qui
746 1899 864 1938 annum
887 1881 1100 1958 occupationis
1123 1877 1247 1936 insulae

343 2005 401 2065 per
414 1981 534 2041 Tuscos
553 1981 633 2041 1302
649 1981 757 2040 refert.
791 1981 853 2039 Sed
870 2001 983 2061 anceps
999 1985 1067 2041 etat
1082 1991 1149 2041 tum
1165 1989 1248 2042 tem«.

342 2084 429 2164 poris
447 2081 555 2142 Martis
575 2083 710 2140 fortuna.

299 2184 527 2246 domestica
550 2181 696 2260 multa]
742 2183 775 2240 Α.
793 2181 881 2242 addit
897 2195 946 2254 et,
970 2182 1059 2244 mele.

286 2287 390 2367 sons
411 2278 489 2363 est]
533 2283 610 2341 Rem
624 2281 717 2340 hebet
734 2282 860 2342 Porcac.
873 2303 964 2364 p.79.

301 2378 595 2462 videturesse]
651 2387 686 2444 A.
709 2381 834 2443 videtur
855 2383 978 2443 habere.
1024 2384 1065 2446 Et
1090 2407 1164 2448 mox
1187 2410 1243 2470 pro
1343 2404 1344 2468 3

338 2500 445 2547 antem
462 2485 517 2544 dat
542 2487 659 2563 itaque.
1343 2481 1344 2500 ³

168 2647 173 2654 ,
253 2587 413 2670 Peg.117.
440 2585 721 2666 circumdata]
765 2579 936 2644 SieCodd.
979 2583 1018 2645 F⁸
1039 2589 1242 2650 circumdari.
1344 2574 1345 2593 Χ

336 2689 397 2749 Pro
410 2690 476 2747 nini
488 2709 571 2746 senne
591 2717 632 2731 -
666 2685 698 2746 C.
709 2701 837 2765 praeter
855 2709 953 2747 unum
969 2694 1034 2768 qni.

298 2794 342 2850 in
362 2811 468 2850 mare
489 2783 822 2868 summerserant]
845 2787 973 2848 Omani
988 2806 1243 2852 summersernnt.

339 2891 442 2950 Nimis
466 2890 641 2968 eleganter,
670 2910 743 2948 nam
766 2900 873 2950 noster
892 2893 1137 2952 constructionis
1158 2895 1243 2964 illius

340 2990 645 3071 Plusquamperfeeti
660 3011 717 3070 pro
727 2991 869 3050 Perfecto
885 3011 956 3052 cum
966 2991 1055 3073 Conj.
1064 3007 1243 3075 postquam,

336 3093 470 3154 barbare
487 3093 617 3152 omnino
636 3091 863 3154 tenacissimus.

250 3231 257 3246 ·
296 3197 470 3255 concilii
497 3193 789 3274 Constantine]
832 3193 913 3275 Ergo
933 3195 1121 3258 1414-18.
1164 3196 1243 3260 Rem

337 3297 436 3356 verbo
450 3295 551 3376 tangit
565 3295 718 3355 Meletius.
733 3297 754 3355 l.
766 3297 787 3355 1.

296 3393 332 3458 'A
352 3399 470 3456 laeva
496 3397 671 3480 denique
700 3401 741 3459 t‘n
765 3395 1077 3478 Hellespontum
1103 3403 1242 3461 intra-

341 3518 426 3556 mue
453 3495 581 3580 mare]
627 3499 818 3560 C.Alaeva
840 3499 1163 3582 veroHellesp.i.ns.
1206 3503 1242 3565 ln

340 3599 376 3657 A.
393 3599 481 3660 deest
498 3623 592 3660 mare.

297 3722 362 3760 ore
386 3700 544 3779 stenae]
589 3715 718 3761 stenuns
732 3703 770 3762 ab
783 3701 860 3762 italo
874 3711 1030 3780 atemere,
1054 3725 1112 3785 pro
1129 3708 1244 3784 tenuis,

342 3803 428 3881 quod
443 3823 530 3862 nunc
544 3803 614 3864 ttali
629 3813 750 3866 stretto.

295 3904 342 3965 In
382 3921 456 3984 qtto
496 3907 675 3964 introitu
713 3903 1009 3964 Dardanellum
1054 3906 1243 3986 offendi-

338 4008 443 4086 mus]
488 4009 583 4069 Deest
597 4012 732 4068 introitu
746 4007 778 4066 in
796 4006 849 4083 C.·,
869 4007 904 4068 A.
919 4009 1121 4092 ostendimus.

647 4129 856 4148 Μ
