2742 5182
990 321 1045 398 'et

48 513 155 579 chum
178 511 311 580 eisdem
326 519 563 604 proprietatem
581 515 785 599 attribuisse,
804 527 859 596 ut,
881 517 1040 610 quiequid

49 627 247 702 tangerent,
268 620 305 679 in
320 628 480 703 segetem,
500 625 616 684 vinum
630 617 807 706 oleumque
821 615 1040 706 transforma-

48 727 153 780 retur.
194 711 283 794 'Quo
296 737 359 802 per
374 714 664 804 Agamemnonem
680 726 829 806 cognito,
852 722 959 806 coe'git
973 741 1039 800 eas,

50 827 87 880 ut
98 828 284 903 pascerent
298 825 482 884 exercitum
497 842 597 906 quem
611 819 653 884 ad
667 820 807 884 Troiam
823 819 1039 886 conducebat.

48 916 127 984 Illae
142 928 261 981 autem
275 916 456 1004 fugientes,
472 918 579 984 irater
591 925 628 982 in
640 919 795 986 manibus
809 919 1039 1006 Agamemno-

49 1024 100 1081 nis
116 1017 219 1105 elegit
237 1040 291 1083 eas
314 1019 454 1084 tradere.
487 1019 723 1106 Agamemnon
736 1021 821 1110 dum·
830 1020 963 1086 vincula
976 1043 1040 1107 pa-

48 1119 157 1198 rabat,
179 1118 339 1183 tollentes
359 1119 510 1198 brechia,
532 1142 550 1184 e
571 1120 665 1184 coelo
682 1119 840 1186 aLibero
860 1131 954 1208 patre
972 1143 1039 1209 po-

41 1230 235 1305 ‚posoerunt
257 1221 435 1302 auxilium3
458 1227 495 1286 in
516 1220 685 1286 columbas
707 1241 820 1286 versae
840 1231 926 1286 sunt.
951 1221 1037 1289 ·Sed

49 1324 83 1383 in
108 1325 160 1384 rei
183 1325 323 1386 veritate
346 1326 393 1385 sic
415 1332 478 1400 est,
515 1321 606 1409 quod
626 1319 712 1386 filiae
731 1319 864 1384 Aminei
886 1327 974 1408 regis
999 1327 1036 1388 in

50 1421 199 1484 emendis
215 1426 307 1507 agris
323 1443 479 1508 magnum
492 1422 680 1487 habuerunt
695 1421 877 1500 solertim,
900 1422 982 1487 adea
997 1433 1036 1488 ut

49 1543 168 1606 magna
191 1527 293 1610 copia
309 1543 352 1586 ex
373 1522 529 1587 omnibus
551 1522 778 1603 abundabant,
796 1521 914 1585 divites
930 1520 1042 1588 factae

50 1633 134 1686 sunt.
178 1620 298 1700 Quare
311 1633 480 1708 comperta
492 1645 554 1710 per
565 1621 865 1710 Agamemnonem,
881 1628 924 1690 ,in
937 1645 1035 1688 exer-

50 1730 114 1788 citu
134 1745 198 1788 suo
222 1728 340 1788 omnia
362 1723 498 1788 abstulit
522 1725 664 1802 eisdem,
693 1729 794 1788 etsie
818 1722 858 1788 de
878 1722 1033 1790 divitibus

49 1824 149 1889 factae
168 1845 356 1910 pauperes,
384 1823 639 1911 adquaestum,
669 1833 718 1903 et,
744 1823 837 1890 velut
860 1822 1034 1888 columbae

49 1923 261 2002 luxuriosae,
283 1923 324 1988 ad
340 1923 515 2010 publicmn
528 1926 662 1989 lucrum
675 1923 806 1989 vivendi
818 1923 910 1989 Deae
917 1921 1034 1989 Vene-

48 2030 92 2088 ris
107 2025 325 2090 devenerunt.
343 2023 435 2104 Quid
447 2031 549 2110 igitur
561 2024 711 2090 fueritin
723 2023 785 2090 hae
798 2023 908 2088 insula
921 2032 1034 2090 actum

50 2129 183 2210 vestigia
194 2122 421 2203 mattifestant,
440 2149 517 2190 cum
533 2127 581 2190 nil
595 2125 687 2191 aliud
699 2129 868 2192 invenitur
879 2128 945 2189 nisi
957 2145 1033 2190 ma-

51 2247 112 2310 gna
131 2237 163 2289 et
180 2223 362 2310 magnifica
385 2227 513 2313 sculpta
531 2249 593 2314 per
614 2237 732 2292 totum.
753 2261 795 2276 -
837 2225 980 2312 Insuper
1000 2233 1034 2289 et

52 2324 160 2388 Deum
176 2323 403 2391 Mercurium
420 2324 525 2392 fuisse
541 2328 689 2394 videtur:
712 2327 834 2408 alatus3
854 2331 983 2412 virgam
993 2329 1031 2389 in

51 2425 219 2506 mutibus,
256 2431 510 2513 circumseptam
536 2429 762 2516 serpentibus3
789 2425 915 2494 habens
938 2423 1031 2512 gnie<
1117 2433 1120 2442 “

52 2548 125 2592 tum
142 2532 180 2590 in
202 2531 327 2614 capite,
350 2537 383 2592 et
401 2527 508 2614 gallus
529 2549 642 2594 coram
664 2550 722 2610 eo;
745 2537 843 2615 ceput
863 2530 1029 2592 caninum.

54 2625 185 2709 Aletus,
217 2633 298 2716 quia
321 2628 415 2692 stella
434 2627 598 2692 Mercurii
618 2633 775 2693 citissime
794 2627 872 2692 facit
890 2649 1030 2692 cursum
1069 2665 1072 2670 ,

56 2751 165 2810 suum3
187 2725 407 2794 somniferam
421 2735 557 2814 virgam,
578 2736 807 2818 quiapropter
820 2726 1031 2793 dulcedinem

54 2829 229 2894 teritorum
246 2829 350 2894 homo
370 2833 473 2917 sopiti
496 2836 653 2895 caninum
669 2839 783 2918 caput,
805 2832 883 2914 quia
899 2832 937 2890 in
957 2827 1031 2892 eloe

13 2991 15 3000 ,
56 2935 196 3014 quentia,
223 2930 391 3011 latrando,
416 2938 438 2996 i.
453 2953 481 2996 e.
501 2915 689 3019 eloquendo
711 2927 841 2995 attrahit
858 2927 1030 3010 homines;
1085 2996 1091 3002 ,

55 3035 203 3118 incapite
226 3033 378 3119 galerum
400 3055 478 3098 cum
500 3033 605 3118 gallo,
627 3037 705 3120 quia
721 3039 887 3096 mercator
903 3028 1030 3092 sollici-

56 3140 102 3194 tus
120 3143 167 3196 est
185 3133 266 3197 hinc
284 3133 363 3197 inde
382 3156 461 3199 cum
479 3137 685 3212 mercandis,
707 3141 740 3195 et
753 3134 1030 3216 mutatpropoei-

56 3238 123 3294 tum
147 3231 189 3298 ad
217 3237 271 3298 sui
298 3230 575 3300 conformitatem.
598 3267 641 3284 -
684 3229 817 3296 Dehinc
845 3237 945 3295 etiam
969 3230 1028 3295 ille

56 3325 245 3413 Terentius,
277 3336 377 3422 poeta
397 3339 545 3404 cotnieus
566 3333 850 3418 Cartltaginensis,
879 3328 1029 3396 fabulam

56 3449 142 3495 suam
158 3437 290 3522 incipit,
313 3437 371 3521 qui
383 3433 560 3500 hominum
578 3439 711 3520 scripsit
723 3453 834 3498 mores
848 3436 1028 3496 iuvenum-

56 3550 113 3612 que
126 3554 320 3622 senumque,
334 3545 366 3598 et
373 3533 539 3598 Andriam
553 3558 648 3600 suam
663 3539 808 3622 primam
820 3531 1027 3596 comoediam

55 3630 231 3698 intitulavit.
274 3635 343 3714 Qui
361 3633 582 3721 Pamphiliam
603 3640 731 3722 primo,
758 3629 876 3696 deinde
899 3619 1027 3716 Glyce-

55 3731 139 3793 rium
152 3733 270 3800 dehinc
290 3740 465 3802 recessisse
480 3741 591 3822 ponit3
621 3735 763 3820 denique
784 3731 895 3807 Crito,
921 3730 1024 3794 homo

54 3845 164 3913 senex,
180 3832 331 3904 Athenas
345 3836 514 3922 accedens,
535 3859 653 3928 paoem
667 3845 699 3900 et
709 3833 869 3922 gaudium
886 3831 1025 3900 conclu·
