2764 5182
300 391 351 482 5‘6

303 579 449 669 tonum
467 549 756 685 nug'ua'efficitu'r
767 574 892 673 nime,
905 577 985 682 'quc
1007 593 1043 659 in
1064 577 1184 659 medio
1197 611 1290 660 oum*

302 719 369 790 pus
392 705 525 764 nutum
550 697 775 764 circumdatus
803 707 868 775 est,
906 707 1041 762 etcum
1062 695 1291 762 ermentoiuuu

265 879 267 884 Ι
304 799 518 867 multitudine
534 799 676 868 videtin.
718 797 777 866 Ad
795 802 959 863 orientem
971 794 1051 862 vero
1072 807 1190 887 portus
1209 817 1291 860 con-

303 902 466 980 cluditur,
497 911 545 980 et,
580 906 609 966 si
640 900 684 966 ed
710 906 856 966 trionem
885 903 1118 988 prosequeris,
1151 897 1293 963 alterum

303 1008 463 1070 tutiorem
491 1007 679 1092 reperimus
709 1006 768 1092 qui
798 1022 818 1064 a
847 998 1084 1085 montibusque
1116 998 1220 1088 sylvis
1253 1019 1290 1062 ec

304 1103 454 1184 fontibus
479 1114 527 1168 est
551 1113 698 1168 ornatus.
765 1100 921 1188 Cumque
943 1121 1014 1166 non
1035 1101 1093 1164 diu
1114 1097 1291 1187 procedes,

305 1201 384 1268 fons
403 1207 440 1266 in
452 1199 559 1268 'litore
576 1201 818 1267 fluentissimus
841 1206 1017 1289 reperitur.
1061 1199 1139 1280 Quo
1159 1207 1196 1267 in
1216 1197 1291 1265 loco

307 1308 516 1392 viatoresque
551 1309 802 1370 circumstantes
836 1301 1085 1388 refrigerennm.
1138 1300 1175 1367 A
1199 1301 1293 1370 laeve

303 1422 384 1470 sero
403 1409 442 1469 in
462 1403 630 1471 radicibus
647 1411 817 1472 montium
836 1409 1000 1470 civitatem
1017 1409 1294 1471 vetustissimum-

305 1525 370 1592 que
384 1503 526 1572 deletum
545 1505 631 1572 olim
646 1507 815 1587 videmus,
835 1513 873 1573 in
886 1531 953 1596 que
971 1507 1138 1597 templum
1154 1504 1293 1594 Apolli·

304 1609 357 1668 nis
379 1617 451 1670 eret
470 1618 648 1672 vetustum.
691 1609 736 1676 Et
754 1615 791 1674 in
815 1631 855 1674 eo
874 1609 949 1675 loco
966 1608 1100 1676 Aeneas
1121 1608 1293 1674 discedens

304 1727 325 1770 s
338 1705 445 1772 Troia
456 1729 550 1774 ermu
564 1709 689 1776 dimisit
703 1708 859 1778 Abantis.

414 1858 614 1948 Virgilius.-

346 1984 458 2061 nMox
471 1995 503 2044 et
515 1987 679 2050 Leucatae
690 1987 833 2052 nimbosa
854 1993 1024 2052 cacumina
1040 1992 1157 2051 montis
1277 2029 1281 2038 ·

348 2085 393 2147 El
402 2084 603 2165 formidatus
616 2092 727 2148 nautis
743 2095 886 2172 aperitur
898 2093 1026 2172 Apollo.

347 2187 446 2247 Hunc
457 2187 709 2270 petimnsfessl,
722 2212 903 2276 parvaeque
918 2195 1113 2256 succedimus
1127 2195 1207 2256 urbi.
1213 2195 1238 2229 “

306 2332 458 2412 Deinde,
479 2341 621 2422 perustis
638 2337 759 2403 seculis
775 2338 863 2406 hunc
879 2339 1082 2410 Octavianus
1097 2342 1222 2412 Cuesur
1240 2370 1297 2414 re-

307 2443 467 2506 stauravit
486 2439 628 2504 deletum
647 2444 830 2522 civitatem,
852 2466 937 2530 quae
957 2443 1154 2532 Nicopolis
1178 2447 1297 2534 eppei-

307 2539 454 2620 lubatur‚
479 2539 592 2628 ibique
611 2538 776 2628 templum
792 2541 964 2630 Apollinis
982 2544 1179 2626 aedificent,
1201 2560 1297 2635 post-

308 2662 410 2728 quem
430 2639 622 2709 Antonium
649 2646 686 2708 in
706 2641 799 2712 hemo
822 2643 938 2714 locum
964 2657 1062 2736 utque
1084 2645 1298 2738 Cleopatram

207 2789 219 2818 ,
311 2741 485 2810 deviceru.

415 2877 615 2969 Virgilius:

351 3002 447 3076 ‘„Hic
460 3007 630 3084 Augustus
647 3024 748 3086 agens
760 3003 862 3067 Italos
879 3007 915 3066 in
924 3009 1048 3088 proelia
1067 3011 1230 3072 Cassar.“

308 3145 349 3212 In
368 3158 549 3234 conspectu
576 3170 656 3214 vero
676 3149 777 3215 huius
800 3158 837 3217 in
859 3139 945 3220 muri
971 3163 1074 3223 tuuis
1096 3171 1162 3238 est,
1191 3183 1211 3224 u
1233 3184 1299 3250 qua

308 3269 379 3312 non
401 3247 500 3334 longe
523 3249 687 3337 oppidum
708 3273 787 3318 cum
808 3268 911 3343 ponte
939 3257 1129 3339 denotetur,
1156 3262 1216 3326 ubi
1241 3264 1300 3326 ue'r

309 3346 452 3414 infectus
478 3355 590 3438 spirat.
635 3350 767 3432 Quibus
786 3359 829 3420 'in
851 3358 933 3424 locis
959 3361 1300 3450 emplo‘pundebetur

283 3445 289 3460 “
309 3449 473 3540 planities.
539 3449 575 3516 Si
596 3465 708 3550 eutem
727 3456 770 3522 ad
790 3464 935 3528 trionem
958 3462 1092 3528 accedes
1122 3463 1239 3528 silvam
1266 3475 1302 3528 et

310 3545 579 3618 Ambraclsium
601 3559 712 3623 sinum
734 3558 893 3627 offendes.
934 3561 993 3628 Ad
1017 3568 1179 3630 orientem
1202 3563 1302 3628 deni<

311 3672 378 3740 que
403 3649 531 3718 insulae
560 3656 704 3722 incultae
729 3663 964 3750 propalentur,
1004 3668 1040 3730 in
1070 3665 1193 3753 quibus
1215 3664 1303 3732 olim

312 3749 645 3844 habitaverePutres‚
656 3782 758 3840 nunc
782 3765 915 3832 tandem
933 3778 1072 3858 propter
1086 3765 1223 3832 insidias
1243 3773 1302 3856 pi-

313 3863 462 3924 ratarum
477 3857 519 3922 sd
537 3857 775 3930 desolationem
792 3865 961 3938 devenere.
