2742 5182
302 449 355 528 94

250 638 253 647 ¹
303 659 415 740 euntes
435 648 573 714 nomina
593 643 732 718 illorum
746 646 950 714 venientium
963 643 1035 712 altis
1051 646 1189 715 vocibus
1206 669 1287 714 con-

302 749 483 818 valescunt.

412 901 613 992 Kirgilius:

346 1033 371 1102 2,
379 1027 547 1086 Errantem
561 1027 665 1084 Micos
679 1023 765 1083 celsa
787 1024 945 1104 Giaroque
958 1027 1106 1086 revinxit.
1112 1026 1138 1095 ‘s

761 1314 824 1388 34.
1352 1206 1353 1284 1

304 1421 480 1548 Sequitur
494 1457 624 1532 Paros,
649 1456 816 1523 albissima
830 1457 939 1523 insula
955 1459 1049 1526 valde
1061 1472 1093 1525 et
1106 1483 1149 1526 ex
1164 1460 1287 1549 Cycla·
1352 1515 1353 1522 ,

306 1562 402 1629 dibus
422 1583 505 1640 una,
529 1581 612 1646 quae
627 1559 709 1623 olim
724 1559 858 1624 Platea
876 1559 916 1624 ob
933 1562 1176 1648 amplitudine
1192 1565 1286 1644 dicta,
1352 1533 1353 1625 i

305 1662 424 1728 deinde
442 1661 572 1728 Minoa
590 1683 608 1725 a
622 1665 753 1724 civitate
767 1665 854 1746 regis
869 1660 995 1726 Minois
1016 1663 1183 1728 aedificata
1196 1665 1287 1728 mul-

304 1775 419 1828 torum
441 1760 678 1826 aedificiorum.
728 1753 814 1825 sed'
826 1761 1025 1840 Perennae,
1060 1762 1150 1828 Pluti
1179 1764 1285 1842 filius,

304 1885 405 1952 quem
418 1863 543 1952 ibidem
555 1873 587 1926 et
601 1860 764 1948 oppidum
777 1869 1003 1945 construxisse
1019 1871 1120 1944 aiunt,
1141 1865 1286 1930 insulam
1353 1903 1354 1906 =

305 1977 338 2029 et
352 1963 514 2051 oppidum
528 1963 655 2027 Paron
675 1985 695 2027 a
715 1984 777 2026 suo
790 1969 927 2028 nomine
941 1970 1133 2030 nominavit.
1177 1965 1221 2030 Et
1235 1973 1286 2052 gi-

305 2070 377 2151 gnit
396 2065 478 2128 adeo
494 2086 644 2142 marmor
662 2063 951 2146 candidissimum„
971 2079 1009 2130 ut
1025 2090 1044 2132 a
1058 2066 1157 2153 longo
1169 2067 1285 2132 viden·
1353 2067 1354 2086 ¹

304 2176 353 2230 tes
373 2170 486 2230 nivem
511 2186 583 2229 esse
603 2164 728 2243 dicant,
749 2175 781 2230 et
800 2172 947 2232 maxime
971 2174 1164 2256 Carpesus,
1187 2189 1284 2232 mous

306 2266 481 2334 sublimior
494 2265 583 2344 aliis,
610 2287 689 2330 cum
704 2268 958 2350 scaturiginibus
983 2291 1145 2355 uquarmn
1158 2277 1199 2331 et
1220 2266 1285 2330 flu-

305 2372 437 2432 minum
459 2367 691 2432 exundatione.
735 2364 830 2446 Quae
846 2367 918 2432 LII.
939 2373 996 2432 cir.
1016 2375 1075 2433 mi.
1098 2366 1176 2436 *Ad
1196 2374 1286 2450 occi7

307 2469 413 2534 duum
429 2468 559 2532 Minoa
573 2456 657 2532 'urbs
679 2477 764 2546 erat,
789 2489 902 2532 coram
916 2466 1082 2554 Delphica
1104 2468 1229 2548 insula,
1250 2473 1285 2532 iu

308 2593 373 2658 qua
386 2569 619 2640 columnarum
632 2563 779 2634 aedificia
793 2579 951 2655 superant
961 2579 1056 2655 prata
1069 2592 1150 2660 cum
1159 2571 1285 2655 templo

282 2669 491 2738 xmarmareo
509 2670 730 2736 immaculato.
772 2670 915 2756 Insuper
931 2670 973 2734 ad
990 2669 1116 2734 radices
1135 2671 1284 2735 eiusdem

304 2777 428 2838 montis
455 2771 619 2859 oppidum
637 2776 899 2836 vetustissimum
924 2777 1062 2857 erigitur
1087 2776 1285 2837 immanium
1355 2789 1356 2798 ¹

306 2886 470 2938 structum
487 2872 646 2958 lapidum.
694 2870 753 2936 Ad
776 2877 920 2936 trionem
942 2895 1037 2951 vero,
1064 2878 1179 2958 paucis
1203 2879 1286 2939 civi-
1326 2911 1330 2921 ‹

305 2971 387 3053 bhs,
411 2975 538 3039 Paron
551 2983 697 3036 castrum
712 2971 853 3038 habetur
867 2996 944 3038 omn
958 2974 1050 3038 molo
1067 2984 1165 3060 atque
1180 2995 1284 3062 parvo

304 3087 416 3164 portu.
455 3072 531 3151 Quo
546 3077 582 3134 in
596 3072 670 3136 loco
686 3071 762 3136 fons
777 3083 834 3150 est,
852 3077 889 3136 in
902 3081 972 3160 qu'o
985 3079 1014 3139 si
1029 3074 1142 3138 album
1155 3075 1285 3141 h'ueum

305 3175 360 3242 vel
374 3179 693 3259 coriumposueris,
714 3179 809 3258 niger
826 3175 1027 3256 remanebit3
1048 3186 1135 3240 etex
1152 3197 1192 3240 eo
1207 3197 1286 3240 mo-

304 3274 440 3340 lendina
454 3278 618 3337 triturant.
647 3273 771 3340 Coram
783 3285 894 3338 autem
907 3274 1025 3340 Naxos
1044 3277 1205 3363 Cephalo
1221 3299 1286 3362 op-

305 3376 425 3464 pidum
442 3380 478 3438 in
490 3384 604 3438 monte
619 3373 775 3453 habetur,
798 3381 893 3440 cuius
907 3399 1046 3442 ascensu
1062 3388 1160 3442 tanta
1170 3388 1220 3440 est
1233 3376 1285 3440 fa«

306 3477 428 3556 cultus,
454 3475 545 3563 quod
565 3475 697 3541 coelum
717 3488 850 3562 tangere
872 3479 1012 3542 videtur.
1028 3525 1037 3538 -.
1060 3476 1099 3543 In
1120 3499 1187 3564 quo
1208 3482 1285 3564 qui-

306 3579 384 3644 dem
398 3601 440 3650 ex
456 3578 623 3642 laborioso
643 3582 760 3642 itinere
774 3579 966 3644 macilentae
983 3583 1081 3648 muns
1097 3589 1130 3642 et
1142 3599 1286 3663 rugosae

306 3701 389 3746 anus
415 3700 523 3764 usque
548 3684 706 3742 verticem
734 3680 997 3744 convalescentes
1024 3685 1188 3744 sarcinam
1214 3684 1286 3744 sine

307 3782 430 3856 sudore
446 3779 652 3856 conducunt,
675 3789 707 3842 et
721 3779 809 3844 ultra
826 3787 1138 3868 quinquagesimum
1157 3802 1285 3844 annum

305 3881 439 3970 prolem
452 3884 644 3965 concipiunt
660 3881 801 3946 vitalem.
843 3877 901 3950 Ad
921 3888 1082 3946 orientem
1094 3890 1213 3968 portus
1232 3886 1294 3966 pi-·

305 3993 456 4064 ratarum
467 3980 613 4066 videtur,
633 3991 665 4048 et
676 3980 723 4048 ibi
732 4003 874 4073 campus
891 4005 954 4073 per
972 3994 1080 4062 totum
1096 3981 1297 4076 extenditur
