<?xml version="1.0" encoding="UTF-8"?>
<!DOCTYPE html PUBLIC "-//W3C//DTD XHTML 1.0 Transitional//EN"
    "http://www.w3.org/TR/xhtml1/DTD/xhtml1-transitional.dtd">
<html xmlns="http://www.w3.org/1999/xhtml" xml:lang="en" lang="en">
 <head>
  <title>
</title>
<meta http-equiv="Content-Type" content="text/html;charset=utf-8" />
  <meta name='ocr-system' content='tesseract 3.04.00' />
  <meta name='ocr-capabilities' content='ocr_page ocr_carea ocr_par ocr_line ocrx_word'/>
</head>
<body>
  <div class='ocr_page' id='page_1' title='image "./christophbondel00buongoog_0113.png"; bbox 0 0 2742 5182; ppageno 0'>
   <div class='ocr_carea' id='block_1_1' title="bbox 318 415 412 492">
    <p class='ocr_par' dir='ltr' id='par_1_1' title="bbox 318 415 412 492">
     <span class='ocr_line' id='line_1_1' title="bbox 318 415 412 492; baseline -0.011 0"><span class='ocrx_word' id='word_1_1' title='bbox 318 415 390 492; x_wconf 82' lang='lat' dir='ltr'>tot</span> <span class='ocrx_word' id='word_1_2' title='bbox 410 436 412 440; x_wconf 81' lang='grc'>’</span> 
     </span>
    </p>
   </div>
   <div class='ocr_carea' id='block_1_2' title="bbox 316 609 1298 1284">
    <p class='ocr_par' dir='ltr' id='par_1_2' title="bbox 316 609 1298 1284">
     <span class='ocr_line' id='line_1_2' title="bbox 317 609 1296 702; baseline 0.002 -22"><span class='ocrx_word' id='word_1_3' title='bbox 317 617 407 702; x_wconf 81' lang='lat' dir='ltr'>ripas</span> <span class='ocrx_word' id='word_1_4' title='bbox 426 612 615 692; x_wconf 86' lang='lat' dir='ltr'>altissimas,</span> <span class='ocrx_word' id='word_1_5' title='bbox 636 615 704 678; x_wconf 72' lang='lat' dir='ltr'>aris</span> <span class='ocrx_word' id='word_1_6' title='bbox 728 609 795 679; x_wconf 89' lang='lat' dir='ltr'>duo</span> <span class='ocrx_word' id='word_1_7' title='bbox 819 635 880 679; x_wconf 85' lang='lat' dir='ltr'>ova</span> <span class='ocrx_word' id='word_1_8' title='bbox 899 616 1046 700; x_wconf 82' lang='lat' dir='ltr'>peperit,</span> <span class='ocrx_word' id='word_1_9' title='bbox 1076 613 1240 701; x_wconf 76' lang='lat' dir='ltr'>aquibus</span> <span class='ocrx_word' id='word_1_10' title='bbox 1260 637 1296 682; x_wconf 78' lang='lat' dir='ltr'>ex</span> 
     </span>
     <span class='ocr_line' id='line_1_3' title="bbox 317 712 1296 802; baseline 0.003 -24"><span class='ocrx_word' id='word_1_11' title='bbox 317 737 387 778; x_wconf 90' lang='lat' dir='ltr'>nno</span> <span class='ocrx_word' id='word_1_12' title='bbox 413 719 482 780; x_wconf 86' lang='lat' dir='ltr'>avis</span> <span class='ocrx_word' id='word_1_13' title='bbox 503 726 535 779; x_wconf 86' lang='lat' dir='ltr'>et</span> <span class='ocrx_word' id='word_1_14' title='bbox 556 736 599 778; x_wconf 81' lang='lat' dir='ltr'>ex</span> <span class='ocrx_word' id='word_1_15' title='bbox 621 712 724 779; x_wconf 87' lang='lat' dir='ltr'>altero</span> <span class='ocrx_word' id='word_1_16' title='bbox 752 719 842 779; x_wconf 88' lang='lat' dir='ltr'>canis</span> <span class='ocrx_word' id='word_1_17' title='bbox 869 721 1030 793; x_wconf 88' lang='lat' dir='ltr'>nascitur,</span> <span class='ocrx_word' id='word_1_18' title='bbox 1059 726 1091 778; x_wconf 91' lang='lat' dir='ltr'>et</span> <span class='ocrx_word' id='word_1_19' title='bbox 1112 722 1296 802; x_wconf 81' lang='lat' dir='ltr'><strong>percipiens</strong></span> 
     </span>
     <span class='ocr_line' id='line_1_4' title="bbox 317 815 1297 894; baseline 0.002 -15"><span class='ocrx_word' id='word_1_20' title='bbox 317 825 439 893; x_wconf 83' lang='lat' dir='ltr'>mater,</span> <span class='ocrx_word' id='word_1_21' title='bbox 460 837 531 879; x_wconf 92' lang='lat' dir='ltr'>non</span> <span class='ocrx_word' id='word_1_22' title='bbox 553 837 625 879; x_wconf 90' lang='lat' dir='ltr'>esse</span> <span class='ocrx_word' id='word_1_23' title='bbox 643 819 716 879; x_wconf 92' lang='lat' dir='ltr'>cani</span> <span class='ocrx_word' id='word_1_24' title='bbox 738 815 897 894; x_wconf 83' lang='lat' dir='ltr'><strong>similem,</strong></span> <span class='ocrx_word' id='word_1_25' title='bbox 921 815 1011 878; x_wconf 90' lang='lat' dir='ltr'>illico</span> <span class='ocrx_word' id='word_1_26' title='bbox 1031 821 1110 880; x_wconf 80' lang='lat' dir='ltr'>emir</span> <span class='ocrx_word' id='word_1_27' title='bbox 1132 819 1253 886; x_wconf 85' lang='lat' dir='ltr'>oceidit</span> <span class='ocrx_word' id='word_1_28' title='bbox 1271 831 1297 881; x_wconf 90' lang='lat' dir='ltr'>et</span> 
     </span>
     <span class='ocr_line' id='line_1_5' title="bbox 317 913 1298 1004; baseline 0.002 -26"><span class='ocrx_word' id='word_1_29' title='bbox 317 913 412 979; x_wconf 85' lang='lat' dir='ltr'>fratri</span> <span class='ocrx_word' id='word_1_30' title='bbox 433 917 570 1003; x_wconf 78' lang='lat' dir='ltr'>praebet</span> <span class='ocrx_word' id='word_1_31' title='bbox 588 923 625 982; x_wconf 90' lang='lat' dir='ltr'>in</span> <span class='ocrx_word' id='word_1_32' title='bbox 647 917 769 980; x_wconf 89' lang='lat' dir='ltr'>cibum.</span> <span class='ocrx_word' id='word_1_33' title='bbox 811 916 856 980; x_wconf 87' lang='lat' dir='ltr'>Et</span> <span class='ocrx_word' id='word_1_34' title='bbox 877 921 952 1004; x_wconf 86' lang='lat' dir='ltr'>qnia</span> <span class='ocrx_word' id='word_1_35' title='bbox 973 916 1082 979; x_wconf 93' lang='lat' dir='ltr'>insula</span> <span class='ocrx_word' id='word_1_36' title='bbox 1099 914 1183 980; x_wconf 82' lang='lat' dir='ltr'>haee</span> <span class='ocrx_word' id='word_1_37' title='bbox 1197 924 1298 990; x_wconf 82' lang='lat' dir='ltr'>conli-</span> 
     </span>
     <span class='ocr_line' id='line_1_6' title="bbox 316 1006 1297 1107; baseline 0.001 -28"><span class='ocrx_word' id='word_1_38' title='bbox 316 1011 382 1103; x_wconf 70' lang='lat' dir='ltr'>&#39;gua</span> <span class='ocrx_word' id='word_1_39' title='bbox 395 1015 496 1082; x_wconf 87' lang='lat' dir='ltr'>Asiae</span> <span class='ocrx_word' id='word_1_40' title='bbox 514 1023 654 1096; x_wconf 89' lang='lat' dir='ltr'>minori,</span> <span class='ocrx_word' id='word_1_41' title='bbox 678 1017 743 1081; x_wconf 86' lang='lat' dir='ltr'>ubi·</span> <span class='ocrx_word' id='word_1_42' title='bbox 753 1039 892 1107; x_wconf 86' lang='lat' dir='ltr'>magnae</span> <span class='ocrx_word' id='word_1_43' title='bbox 909 1015 1126 1101; x_wconf 80' lang='lat' dir='ltr'>insurgebant</span> <span class='ocrx_word' id='word_1_44' title='bbox 1141 1006 1297 1098; x_wconf 63' lang='lat' dir='ltr'>ciuitates,</span> 
     </span>
     <span class='ocr_line' id='line_1_7' title="bbox 317 1115 1296 1195; baseline -0.001 -14"><span class='ocrx_word' id='word_1_45' title='bbox 317 1115 436 1181; x_wconf 78' lang='lat' dir='ltr'>lintres</span> <span class='ocrx_word' id='word_1_46' title='bbox 452 1117 563 1182; x_wconf 87' lang='lat' dir='ltr'>Sancti</span> <span class='ocrx_word' id='word_1_47' title='bbox 578 1117 744 1195; x_wconf 77' lang='lat' dir='ltr'>Iohannis,</span> <span class='ocrx_word' id='word_1_48' title='bbox 768 1127 805 1179; x_wconf 91' lang='lat' dir='ltr'>ut</span> <span class='ocrx_word' id='word_1_49' title='bbox 818 1120 1008 1181; x_wconf 70' lang='lat' dir='ltr'>insisterent</span> <span class='ocrx_word' id='word_1_50' title='bbox 1021 1117 1227 1194; x_wconf 86' lang='lat' dir='ltr'>infidelibus,</span> <span class='ocrx_word' id='word_1_51' title='bbox 1248 1141 1296 1182; x_wconf 88' lang='lat' dir='ltr'>ca-</span> 
     </span>
     <span class='ocr_line' id='line_1_8' title="bbox 318 1216 1297 1284; baseline 0.001 -4"><span class='ocrx_word' id='word_1_52' title='bbox 318 1217 451 1282; x_wconf 89' lang='lat' dir='ltr'>stellum</span> <span class='ocrx_word' id='word_1_53' title='bbox 465 1217 519 1284; x_wconf 85' lang='lat' dir='ltr'>Sei</span> <span class='ocrx_word' id='word_1_54' title='bbox 525 1219 655 1284; x_wconf 82' lang='lat' dir='ltr'>-Petri</span> <span class='ocrx_word' id='word_1_55' title='bbox 675 1216 887 1281; x_wconf 83' lang='lat' dir='ltr'>aedificavere</span> <span class='ocrx_word' id='word_1_56' title='bbox 909 1219 997 1282; x_wconf 77' lang='lat' dir='ltr'>emto</span> <span class='ocrx_word' id='word_1_57' title='bbox 1014 1219 1143 1282; x_wconf 90' lang='lat' dir='ltr'>domini</span> <span class='ocrx_word' id='word_1_58' title='bbox 1162 1219 1297 1284; x_wconf 86' lang='lat' dir='ltr'>millesi-</span> 
     </span>
    </p>
   </div>
   <div class='ocr_carea' id='block_1_3' title="bbox 393 1311 870 1407">
    <p class='ocr_par' dir='ltr' id='par_1_3' title="bbox 393 1311 870 1407">
     <span class='ocr_line' id='line_1_9' title="bbox 393 1311 870 1407; baseline -0.002 -24"><span class='ocrx_word' id='word_1_59' title='bbox 393 1319 721 1407; x_wconf 80' lang='lat' dir='ltr'>quadtingentesimo</span> <span class='ocrx_word' id='word_1_60' title='bbox 745 1311 870 1406; x_wconf 65' lang='lat'>(1400).</span> 
     </span>
    </p>
   </div>
   <div class='ocr_carea' id='block_1_4' title="bbox 782 1681 845 1756">
    <p class='ocr_par' dir='ltr' id='par_1_4' title="bbox 782 1681 845 1756">
     <span class='ocr_line' id='line_1_10' title="bbox 782 1681 845 1756; baseline -0.095 1"><span class='ocrx_word' id='word_1_61' title='bbox 782 1681 845 1756; x_wconf 84' lang='lat'>46.</span> 
     </span>
    </p>
   </div>
   <div class='ocr_carea' id='block_1_5' title="bbox 250 1801 1360 4062">
    <p class='ocr_par' dir='ltr' id='par_1_5' title="bbox 250 1801 1360 4062">
     <span class='ocr_line' id='line_1_11' title="bbox 317 1801 1298 1930; baseline -0.001 -23"><span class='ocrx_word' id='word_1_62' title='bbox 317 1801 444 1930; x_wconf 72' lang='lat' dir='ltr'>Super</span> <span class='ocrx_word' id='word_1_63' title='bbox 469 1849 591 1910; x_wconf 89' lang='lat' dir='ltr'>eminet</span> <span class='ocrx_word' id='word_1_64' title='bbox 615 1851 652 1908; x_wconf 90' lang='lat' dir='ltr'>in</span> <span class='ocrx_word' id='word_1_65' title='bbox 680 1841 850 1908; x_wconf 88' lang='lat' dir='ltr'>monlibus</span> <span class='ocrx_word' id='word_1_66' title='bbox 874 1841 969 1907; x_wconf 79' lang='lat' dir='ltr'>valde</span> <span class='ocrx_word' id='word_1_67' title='bbox 993 1841 1168 1908; x_wconf 81' lang='lat' dir='ltr'>Calamus</span> <span class='ocrx_word' id='word_1_68' title='bbox 1197 1865 1298 1920; x_wconf 88' lang='lat' dir='ltr'>nune,</span> 
     </span>
     <span class='ocr_line' id='line_1_12' title="bbox 318 1941 1297 2029; baseline 0.006 -27"><span class='ocrx_word' id='word_1_69' title='bbox 318 1965 401 2028; x_wconf 82' lang='lat' dir='ltr'>quae</span> <span class='ocrx_word' id='word_1_70' title='bbox 425 1941 506 2007; x_wconf 91' lang='lat' dir='ltr'>olim</span> <span class='ocrx_word' id='word_1_71' title='bbox 534 1948 657 2009; x_wconf 84' lang='lat' dir='ltr'><em>Claros</em></span> <span class='ocrx_word' id='word_1_72' title='bbox 681 1945 767 2008; x_wconf 88' lang='lat' dir='ltr'>dieta</span> <span class='ocrx_word' id='word_1_73' title='bbox 788 1953 846 2008; x_wconf 90' lang='lat' dir='ltr'>est.</span> <span class='ocrx_word' id='word_1_74' title='bbox 897 1945 1037 2008; x_wconf 82' lang='lat' dir='ltr'>Celami</span> <span class='ocrx_word' id='word_1_75' title='bbox 1058 1949 1148 2007; x_wconf 80' lang='lat' dir='ltr'>enirn</span> <span class='ocrx_word' id='word_1_76' title='bbox 1170 1967 1297 2029; x_wconf 80' lang='lat' dir='ltr'>graece,</span> 
     </span>
     <span class='ocr_line' id='line_1_13' title="bbox 318 2043 1297 2132; baseline 0.006 -28"><span class='ocrx_word' id='word_1_77' title='bbox 318 2043 417 2107; x_wconf 87' lang='lat' dir='ltr'>latine</span> <span class='ocrx_word' id='word_1_78' title='bbox 432 2045 573 2110; x_wconf 82' lang='lat' dir='ltr'>arundo</span> <span class='ocrx_word' id='word_1_79' title='bbox 590 2052 832 2132; x_wconf 80' lang='lat' dir='ltr'>interpretatur.</span> <span class='ocrx_word' id='word_1_80' title='bbox 877 2044 988 2123; x_wconf 85' lang='lat' dir='ltr'>Quae,</span> <span class='ocrx_word' id='word_1_81' title='bbox 1010 2045 1149 2107; x_wconf 83' lang='lat' dir='ltr'>tendens</span> <span class='ocrx_word' id='word_1_82' title='bbox 1165 2045 1206 2110; x_wconf 91' lang='lat' dir='ltr'>de</span> <span class='ocrx_word' id='word_1_83' title='bbox 1221 2055 1297 2110; x_wconf 86' lang='lat' dir='ltr'>trio-</span> 
     </span>
     <span class='ocr_line' id='line_1_14' title="bbox 317 2143 1297 2224; baseline 0.006 -18"><span class='ocrx_word' id='word_1_84' title='bbox 317 2165 360 2206; x_wconf 90' lang='lat' dir='ltr'>ne</span> <span class='ocrx_word' id='word_1_85' title='bbox 382 2143 424 2208; x_wconf 90' lang='lat' dir='ltr'>ad</span> <span class='ocrx_word' id='word_1_86' title='bbox 443 2148 634 2224; x_wconf 80' lang='lat' dir='ltr'>meridiem,</span> <span class='ocrx_word' id='word_1_87' title='bbox 657 2145 735 2211; x_wconf 86' lang='lat' dir='ltr'>XL.</span> <span class='ocrx_word' id='word_1_88' title='bbox 748 2151 806 2211; x_wconf 86' lang='lat' dir='ltr'>mi.</span> <span class='ocrx_word' id='word_1_89' title='bbox 827 2151 884 2211; x_wconf 87' lang='lat' dir='ltr'>eir.</span> <span class='ocrx_word' id='word_1_90' title='bbox 907 2157 937 2209; x_wconf 91' lang='lat' dir='ltr'>et</span> <span class='ocrx_word' id='word_1_91' title='bbox 959 2155 1047 2210; x_wconf 84' lang='lat' dir='ltr'>tanta</span> <span class='ocrx_word' id='word_1_92' title='bbox 1066 2145 1119 2209; x_wconf 74' lang='lat' dir='ltr'>est&#39;</span> <span class='ocrx_word' id='word_1_93' title='bbox 1135 2153 1297 2215; x_wconf 84' lang='lat' dir='ltr'>montium</span> 
     </span>
     <span class='ocr_line' id='line_1_15' title="bbox 319 2243 1298 2338; baseline 0.004 -30"><span class='ocrx_word' id='word_1_94' title='bbox 319 2243 520 2324; x_wconf 88' lang='lat' dir='ltr'>sublimitas,</span> <span class='ocrx_word' id='word_1_95' title='bbox 545 2248 636 2336; x_wconf 85' lang='lat' dir='ltr'>qnod</span> <span class='ocrx_word' id='word_1_96' title='bbox 654 2253 681 2310; x_wconf 91' lang='lat' dir='ltr'>si</span> <span class='ocrx_word' id='word_1_97' title='bbox 703 2251 776 2338; x_wconf 78' lang='lat' dir='ltr'>quis</span> <span class='ocrx_word' id='word_1_98' title='bbox 796 2252 831 2311; x_wconf 90' lang='lat' dir='ltr'>in</span> <span class='ocrx_word' id='word_1_99' title='bbox 852 2247 968 2310; x_wconf 82' lang='lat' dir='ltr'>altiore</span> <span class='ocrx_word' id='word_1_100' title='bbox 989 2247 1183 2310; x_wconf 88' lang='lat' dir='ltr'>ascenderet</span> <span class='ocrx_word' id='word_1_101' title='bbox 1205 2272 1298 2312; x_wconf 88' lang='lat' dir='ltr'>cacu-</span> 
     </span>
     <span class='ocr_line' id='line_1_16' title="bbox 317 2345 1298 2436; baseline 0.005 -28"><span class='ocrx_word' id='word_1_102' title='bbox 317 2351 425 2428; x_wconf 90' lang='lat' dir='ltr'>mine,</span> <span class='ocrx_word' id='word_1_103' title='bbox 447 2371 553 2436; x_wconf 88' lang='lat' dir='ltr'>nsque</span> <span class='ocrx_word' id='word_1_104' title='bbox 569 2349 679 2413; x_wconf 87' lang='lat' dir='ltr'>Chion</span> <span class='ocrx_word' id='word_1_105' title='bbox 690 2349 836 2413; x_wconf 86' lang='lat' dir='ltr'>insulam</span> <span class='ocrx_word' id='word_1_106' title='bbox 851 2348 902 2412; x_wconf 83' lang='lat' dir='ltr'>vel</span> <span class='ocrx_word' id='word_1_107' title='bbox 915 2345 1089 2434; x_wconf 86' lang='lat' dir='ltr'>Ephesum</span> <span class='ocrx_word' id='word_1_108' title='bbox 1103 2347 1235 2425; x_wconf 88' lang='lat' dir='ltr'>urbem,</span> <span class='ocrx_word' id='word_1_109' title='bbox 1251 2350 1298 2413; x_wconf 81' lang='lat' dir='ltr'>vel</span> 
     </span>
     <span class='ocr_line' id='line_1_17' title="bbox 318 2447 1299 2538; baseline 0.002 -27"><span class='ocrx_word' id='word_1_110' title='bbox 318 2447 494 2527; x_wconf 82' lang='lat' dir='ltr'>Palatium,</span> <span class='ocrx_word' id='word_1_111' title='bbox 517 2455 680 2514; x_wconf 73' lang='lat' dir='ltr'>eisitatern</span> <span class='ocrx_word' id='word_1_112' title='bbox 694 2449 898 2526; x_wconf 82' lang='lat' dir='ltr'>Turcorum,</span> <span class='ocrx_word' id='word_1_113' title='bbox 921 2459 1008 2512; x_wconf 85' lang='lat' dir='ltr'>certe</span> <span class='ocrx_word' id='word_1_114' title='bbox 1023 2453 1131 2512; x_wconf 82' lang='lat' dir='ltr'>visum</span> <span class='ocrx_word' id='word_1_115' title='bbox 1146 2457 1299 2538; x_wconf 85' lang='lat' dir='ltr'>percipe-</span> 
     </span>
     <span class='ocr_line' id='line_1_18' title="bbox 318 2547 1300 2615; baseline 0.003 -3"><span class='ocrx_word' id='word_1_116' title='bbox 318 2560 369 2612; x_wconf 87' lang='lat' dir='ltr'>ret</span> <span class='ocrx_word' id='word_1_117' title='bbox 395 2549 523 2614; x_wconf 88' lang='lat' dir='ltr'>clarum</span> <span class='ocrx_word' id='word_1_118' title='bbox 546 2561 626 2614; x_wconf 87' lang='lat' dir='ltr'>tune</span> <span class='ocrx_word' id='word_1_119' title='bbox 653 2574 731 2615; x_wconf 88' lang='lat' dir='ltr'>cnm</span> <span class='ocrx_word' id='word_1_120' title='bbox 756 2550 806 2614; x_wconf 90' lang='lat' dir='ltr'>sol</span> <span class='ocrx_word' id='word_1_121' title='bbox 829 2551 968 2614; x_wconf 86' lang='lat' dir='ltr'>declinat</span> <span class='ocrx_word' id='word_1_122' title='bbox 990 2547 1032 2612; x_wconf 88' lang='lat' dir='ltr'>ad</span> <span class='ocrx_word' id='word_1_123' title='bbox 1055 2571 1222 2615; x_wconf 88' lang='lat' dir='ltr'>occasum.</span> <span class='ocrx_word' id='word_1_124' title='bbox 1264 2552 1300 2615; x_wconf 91' lang='lat' dir='ltr'>In</span> 
     </span>
     <span class='ocr_line' id='line_1_19' title="bbox 318 2649 1360 2742; baseline 0.003 -28"><span class='ocrx_word' id='word_1_125' title='bbox 318 2655 387 2715; x_wconf 86' lang='lat' dir='ltr'>istis</span> <span class='ocrx_word' id='word_1_126' title='bbox 409 2653 562 2738; x_wconf 87' lang='lat' dir='ltr'>equidem</span> <span class='ocrx_word' id='word_1_127' title='bbox 588 2651 757 2716; x_wconf 90' lang='lat' dir='ltr'>montibus</span> <span class='ocrx_word' id='word_1_128' title='bbox 783 2674 845 2739; x_wconf 91' lang='lat' dir='ltr'>per</span> <span class='ocrx_word' id='word_1_129' title='bbox 873 2673 988 2715; x_wconf 90' lang='lat' dir='ltr'>omnes</span> <span class='ocrx_word' id='word_1_130' title='bbox 1011 2651 1112 2714; x_wconf 91' lang='lat' dir='ltr'>saltus</span> <span class='ocrx_word' id='word_1_131' title='bbox 1136 2649 1299 2738; x_wconf 80' lang='lat' dir='ltr'>lanigerae</span> <span class='ocrx_word' id='word_1_132' title='bbox 1359 2723 1360 2742; x_wconf 18' lang='grc' dir='ltr'>ἶ</span> 
     </span>
     <span class='ocr_line' id='line_1_20' title="bbox 317 2751 1301 2840; baseline 0.004 -24"><span class='ocrx_word' id='word_1_133' title='bbox 317 2753 478 2840; x_wconf 87' lang='lat' dir='ltr'>pecudes,</span> <span class='ocrx_word' id='word_1_134' title='bbox 500 2751 672 2818; x_wconf 85' lang='lat' dir='ltr'>tondentes</span> <span class='ocrx_word' id='word_1_135' title='bbox 688 2753 871 2817; x_wconf 80' lang='lat' dir='ltr'>odoriferas</span> <span class='ocrx_word' id='word_1_136' title='bbox 885 2751 1023 2829; x_wconf 89' lang='lat' dir='ltr'>herbas,</span> <span class='ocrx_word' id='word_1_137' title='bbox 1045 2752 1233 2818; x_wconf 84' lang='lat' dir='ltr'>incolumes</span> <span class='ocrx_word' id='word_1_138' title='bbox 1247 2779 1301 2820; x_wconf 84' lang='lat' dir='ltr'>ae-</span> 
     </span>
     <span class='ocr_line' id='line_1_21' title="bbox 319 2851 1300 2942; baseline 0.002 -24"><span class='ocrx_word' id='word_1_139' title='bbox 319 2854 456 2931; x_wconf 89' lang='lat' dir='ltr'>cedunt,</span> <span class='ocrx_word' id='word_1_140' title='bbox 480 2861 549 2920; x_wconf 88' lang='lat' dir='ltr'>sine</span> <span class='ocrx_word' id='word_1_141' title='bbox 567 2854 727 2942; x_wconf 87' lang='lat' dir='ltr'>luporum</span> <span class='ocrx_word' id='word_1_142' title='bbox 744 2861 877 2933; x_wconf 87' lang='lat' dir='ltr'>timore,</span> <span class='ocrx_word' id='word_1_143' title='bbox 900 2863 931 2916; x_wconf 88' lang='lat' dir='ltr'>et</span> <span class='ocrx_word' id='word_1_144' title='bbox 946 2851 1049 2916; x_wconf 88' lang='lat' dir='ltr'>flavae</span> <span class='ocrx_word' id='word_1_145' title='bbox 1065 2875 1179 2938; x_wconf 86' lang='lat' dir='ltr'>aegae,</span> <span class='ocrx_word' id='word_1_146' title='bbox 1203 2855 1300 2920; x_wconf 82' lang='lat' dir='ltr'>dera-</span> 
     </span>
     <span class='ocr_line' id='line_1_22' title="bbox 319 2955 1301 3041; baseline 0.004 -25"><span class='ocrx_word' id='word_1_147' title='bbox 319 2965 439 3018; x_wconf 88' lang='lat' dir='ltr'>stantes</span> <span class='ocrx_word' id='word_1_148' title='bbox 454 2955 599 3032; x_wconf 86' lang='lat' dir='ltr'>arbores,</span> <span class='ocrx_word' id='word_1_149' title='bbox 620 2961 656 3018; x_wconf 91' lang='lat' dir='ltr'>in</span> <span class='ocrx_word' id='word_1_150' title='bbox 671 2961 858 3020; x_wconf 87' lang='lat' dir='ltr'>summitate</span> <span class='ocrx_word' id='word_1_151' title='bbox 873 2965 1045 3040; x_wconf 88' lang='lat' dir='ltr'>petrarum</span> <span class='ocrx_word' id='word_1_152' title='bbox 1062 2963 1230 3041; x_wconf 84' lang='lat' dir='ltr'>caprizare</span> <span class='ocrx_word' id='word_1_153' title='bbox 1245 2959 1301 3020; x_wconf 88' lang='lat' dir='ltr'>de·</span> 
     </span>
     <span class='ocr_line' id='line_1_23' title="bbox 283 3053 1300 3144; baseline 0.002 -24"><span class='ocrx_word' id='word_1_154' title='bbox 283 3063 285 3070; x_wconf 81' lang='grc'>’</span> <span class='ocrx_word' id='word_1_155' title='bbox 318 3055 450 3122; x_wconf 83' lang='lat' dir='ltr'>lectant.</span> <span class='ocrx_word' id='word_1_156' title='bbox 492 3053 549 3119; x_wconf 87' lang='lat' dir='ltr'>Ab</span> <span class='ocrx_word' id='word_1_157' title='bbox 566 3061 691 3119; x_wconf 89' lang='lat' dir='ltr'>orienle</span> <span class='ocrx_word' id='word_1_158' title='bbox 708 3078 787 3120; x_wconf 82' lang='lat' dir='ltr'>vero</span> <span class='ocrx_word' id='word_1_159' title='bbox 803 3057 965 3144; x_wconf 87' lang='lat' dir='ltr'>oppidum</span> <span class='ocrx_word' id='word_1_160' title='bbox 981 3055 1021 3118; x_wconf 91' lang='lat' dir='ltr'>ab</span> <span class='ocrx_word' id='word_1_161' title='bbox 1035 3057 1101 3120; x_wconf 87' lang='lat' dir='ltr'>alto</span> <span class='ocrx_word' id='word_1_162' title='bbox 1117 3067 1300 3134; x_wconf 82' lang='lat' dir='ltr'>vetustum,</span> 
     </span>
     <span class='ocr_line' id='line_1_24' title="bbox 314 3155 1300 3244; baseline 0.009 -29"><span class='ocrx_word' id='word_1_163' title='bbox 314 3178 387 3242; x_wconf 82' lang='lat' dir='ltr'>qno</span> <span class='ocrx_word' id='word_1_164' title='bbox 402 3160 437 3218; x_wconf 93' lang='lat' dir='ltr'>in</span> <span class='ocrx_word' id='word_1_165' title='bbox 453 3167 632 3242; x_wconf 86' lang='lat' dir='ltr'>conspectu</span> <span class='ocrx_word' id='word_1_166' title='bbox 645 3157 754 3221; x_wconf 89' lang='lat' dir='ltr'>insula</span> <span class='ocrx_word' id='word_1_167' title='bbox 767 3179 869 3244; x_wconf 85' lang='lat' dir='ltr'>parva</span> <span class='ocrx_word' id='word_1_168' title='bbox 886 3157 1067 3242; x_wconf 84' lang='lat' dir='ltr'>elongatur.</span> <span class='ocrx_word' id='word_1_169' title='bbox 1095 3155 1206 3240; x_wconf 46' lang='lat' dir='ltr'>„Quae</span> <span class='ocrx_word' id='word_1_170' title='bbox 1222 3159 1300 3224; x_wconf 88' lang='lat' dir='ltr'>olim</span> 
     </span>
     <span class='ocr_line' id='line_1_25' title="bbox 319 3255 1301 3346; baseline 0.006 -27"><span class='ocrx_word' id='word_1_171' title='bbox 319 3257 542 3322; x_wconf 80' lang='lat' dir='ltr'>illustrissima</span> <span class='ocrx_word' id='word_1_172' title='bbox 554 3280 660 3346; x_wconf 89' lang='lat' dir='ltr'>usque</span> <span class='ocrx_word' id='word_1_173' title='bbox 673 3280 764 3322; x_wconf 90' lang='lat' dir='ltr'>nune</span> <span class='ocrx_word' id='word_1_174' title='bbox 780 3258 1006 3323; x_wconf 85' lang='lat' dir='ltr'>aedificiorum</span> <span class='ocrx_word' id='word_1_175' title='bbox 1026 3255 1132 3339; x_wconf 36' lang='lat' dir='ltr'>fnisse,</span> <span class='ocrx_word' id='word_1_176' title='bbox 1152 3261 1301 3341; x_wconf 66' lang='lat' dir='ltr'>ridetur,</span> 
     </span>
     <span class='ocr_line' id='line_1_26' title="bbox 307 3360 1302 3452; baseline 0.009 -32"><span class='ocrx_word' id='word_1_177' title='bbox 307 3367 353 3432; x_wconf 35' lang='lat' dir='ltr'>,et</span> <span class='ocrx_word' id='word_1_178' title='bbox 371 3365 444 3444; x_wconf 92' lang='lat' dir='ltr'>quis</span> <span class='ocrx_word' id='word_1_179' title='bbox 459 3371 572 3446; x_wconf 86' lang='lat' dir='ltr'>posset</span> <span class='ocrx_word' id='word_1_180' title='bbox 586 3365 622 3425; x_wconf 87' lang='lat' dir='ltr'>in</span> <span class='ocrx_word' id='word_1_181' title='bbox 635 3382 672 3422; x_wconf 86' lang='lat' dir='ltr'>ea</span> <span class='ocrx_word' id='word_1_182' title='bbox 684 3371 732 3423; x_wconf 89' lang='lat' dir='ltr'>tot</span> <span class='ocrx_word' id='word_1_183' title='bbox 745 3360 911 3446; x_wconf 84' lang='lat' dir='ltr'>explicare</span> <span class='ocrx_word' id='word_1_184' title='bbox 925 3382 1105 3426; x_wconf 87' lang='lat' dir='ltr'>munerum</span> <span class='ocrx_word' id='word_1_185' title='bbox 1125 3368 1302 3452; x_wconf 85' lang='lat' dir='ltr'>antiquita-</span> 
     </span>
     <span class='ocr_line' id='line_1_27' title="bbox 319 3460 1302 3554; baseline 0.011 -33"><span class='ocrx_word' id='word_1_186' title='bbox 319 3469 442 3537; x_wconf 89' lang='lat' dir='ltr'>tum,et</span> <span class='ocrx_word' id='word_1_187' title='bbox 456 3461 602 3524; x_wconf 89' lang='lat' dir='ltr'>indicare</span> <span class='ocrx_word' id='word_1_188' title='bbox 616 3460 816 3525; x_wconf 85' lang='lat' dir='ltr'>lineamenta</span> <span class='ocrx_word' id='word_1_189' title='bbox 828 3483 1035 3526; x_wconf 86' lang='lat' dir='ltr'>marmormn</span> <span class='ocrx_word' id='word_1_190' title='bbox 1048 3484 1162 3548; x_wconf 85' lang='lat' dir='ltr'>sparsa</span> <span class='ocrx_word' id='word_1_191' title='bbox 1173 3486 1237 3554; x_wconf 88' lang='lat' dir='ltr'>per</span> <span class='ocrx_word' id='word_1_192' title='bbox 1250 3479 1302 3532; x_wconf 88' lang='lat' dir='ltr'>te-</span> 
     </span>
     <span class='ocr_line' id='line_1_28' title="bbox 264 3559 1302 3654; baseline 0.011 -32"><span class='ocrx_word' id='word_1_193' title='bbox 264 3625 269 3638; x_wconf 56' lang='lat'>,</span> <span class='ocrx_word' id='word_1_194' title='bbox 319 3570 402 3638; x_wconf 88' lang='lat' dir='ltr'>tum,</span> <span class='ocrx_word' id='word_1_195' title='bbox 420 3583 505 3626; x_wconf 63' lang='lat' dir='ltr'>,cum</span> <span class='ocrx_word' id='word_1_196' title='bbox 520 3559 604 3624; x_wconf 91' lang='lat' dir='ltr'>nihil</span> <span class='ocrx_word' id='word_1_197' title='bbox 618 3567 654 3624; x_wconf 90' lang='lat' dir='ltr'>iu</span> <span class='ocrx_word' id='word_1_198' title='bbox 670 3582 707 3624; x_wconf 83' lang='lat' dir='ltr'>ea</span> <span class='ocrx_word' id='word_1_199' title='bbox 723 3561 813 3626; x_wconf 85' lang='lat' dir='ltr'>aliud</span> <span class='ocrx_word' id='word_1_200' title='bbox 825 3568 999 3650; x_wconf 77' lang='lat' dir='ltr'>percipere</span> <span class='ocrx_word' id='word_1_201' title='bbox 1013 3563 1191 3631; x_wconf 78' lang='lat' dir='ltr'>valeamus.</span> <span class='ocrx_word' id='word_1_202' title='bbox 1236 3567 1302 3654; x_wconf 87' lang='lat' dir='ltr'>Igi-</span> 
     </span>
     <span class='ocr_line' id='line_1_29' title="bbox 250 3662 1303 3750; baseline 0.011 -28"><span class='ocrx_word' id='word_1_203' title='bbox 250 3666 255 3674; x_wconf 88' lang='grc'><strong>“</strong></span> <span class='ocrx_word' id='word_1_204' title='bbox 320 3667 425 3728; x_wconf 87' lang='lat' dir='ltr'>turin</span> <span class='ocrx_word' id='word_1_205' title='bbox 441 3666 516 3726; x_wconf 90' lang='lat' dir='ltr'>sinu</span> <span class='ocrx_word' id='word_1_206' title='bbox 529 3662 697 3750; x_wconf 88' lang='lat' dir='ltr'>quoddam</span> <span class='ocrx_word' id='word_1_207' title='bbox 712 3662 876 3750; x_wconf 89' lang='lat' dir='ltr'>oppidum</span> <span class='ocrx_word' id='word_1_208' title='bbox 890 3665 1059 3728; x_wconf 82' lang='lat' dir='ltr'>Calamus</span> <span class='ocrx_word' id='word_1_209' title='bbox 1073 3671 1213 3750; x_wconf 85' lang='lat' dir='ltr'>erigitur</span> <span class='ocrx_word' id='word_1_210' title='bbox 1224 3692 1303 3734; x_wconf 90' lang='lat' dir='ltr'>mu-</span> 
     </span>
     <span class='ocr_line' id='line_1_30' title="bbox 321 3763 1302 3852; baseline 0.009 -26"><span class='ocrx_word' id='word_1_211' title='bbox 321 3768 439 3841; x_wconf 87' lang='lat' dir='ltr'>nitum,</span> <span class='ocrx_word' id='word_1_212' title='bbox 460 3776 491 3828; x_wconf 88' lang='lat' dir='ltr'>et</span> <span class='ocrx_word' id='word_1_213' title='bbox 505 3765 546 3834; x_wconf 87' lang='lat' dir='ltr'>ad</span> <span class='ocrx_word' id='word_1_214' title='bbox 560 3763 735 3828; x_wconf 90' lang='lat' dir='ltr'>occiduum</span> <span class='ocrx_word' id='word_1_215' title='bbox 749 3767 785 3825; x_wconf 90' lang='lat' dir='ltr'>in</span> <span class='ocrx_word' id='word_1_216' title='bbox 797 3768 883 3842; x_wconf 91' lang='lat' dir='ltr'>sinu,</span> <span class='ocrx_word' id='word_1_217' title='bbox 905 3785 1012 3852; x_wconf 86' lang='lat' dir='ltr'>prope</span> <span class='ocrx_word' id='word_1_218' title='bbox 1025 3763 1152 3830; x_wconf 89' lang='lat' dir='ltr'>flumen</span> <span class='ocrx_word' id='word_1_219' title='bbox 1166 3771 1302 3851; x_wconf 89' lang='lat' dir='ltr'>salsum,</span> 
     </span>
     <span class='ocr_line' id='line_1_31' title="bbox 325 3863 1302 3959; baseline 0.009 -30"><span class='ocrx_word' id='word_1_220' title='bbox 325 3864 359 3929; x_wconf 91' lang='lat' dir='ltr'><em>V</em></span> <span class='ocrx_word' id='word_1_221' title='bbox 359 3867 439 3929; x_wconf 78' lang='lat' dir='ltr'>achi</span> <span class='ocrx_word' id='word_1_222' title='bbox 455 3865 537 3932; x_wconf 87' lang='lat' dir='ltr'>olim</span> <span class='ocrx_word' id='word_1_223' title='bbox 549 3863 769 3954; x_wconf 86' lang='lat' dir='ltr'>ampliabatur</span> <span class='ocrx_word' id='word_1_224' title='bbox 783 3867 909 3942; x_wconf 84' lang='lat' dir='ltr'>civitas,</span> <span class='ocrx_word' id='word_1_225' title='bbox 931 3872 968 3930; x_wconf 90' lang='lat' dir='ltr'>in</span> <span class='ocrx_word' id='word_1_226' title='bbox 982 3889 1047 3954; x_wconf 89' lang='lat' dir='ltr'>qua</span> <span class='ocrx_word' id='word_1_227' title='bbox 1059 3867 1207 3935; x_wconf 88' lang='lat' dir='ltr'>aedificia</span> <span class='ocrx_word' id='word_1_228' title='bbox 1223 3874 1302 3959; x_wconf 72' lang='lat' dir='ltr'>plu·</span> 
     </span>
     <span class='ocr_line' id='line_1_32' title="bbox 319 3963 1302 4062; baseline 0.015 -34"><span class='ocrx_word' id='word_1_229' title='bbox 319 3987 357 4030; x_wconf 89' lang='lat' dir='ltr'>ra</span> <span class='ocrx_word' id='word_1_230' title='bbox 376 3969 537 4035; x_wconf 82' lang='lat' dir='ltr'>videmus.</span> <span class='ocrx_word' id='word_1_231' title='bbox 580 3967 624 4033; x_wconf 90' lang='lat' dir='ltr'>Et</span> <span class='ocrx_word' id='word_1_232' title='bbox 643 3970 777 4032; x_wconf 85' lang='lat' dir='ltr'>veniens</span> <span class='ocrx_word' id='word_1_233' title='bbox 792 3963 834 4033; x_wconf 85' lang='lat' dir='ltr'>ad</span> <span class='ocrx_word' id='word_1_234' title='bbox 852 3967 1095 4058; x_wconf 86' lang='lat' dir='ltr'>occiduumque</span> <span class='ocrx_word' id='word_1_235' title='bbox 1108 3973 1302 4062; x_wconf 82' lang='lat' dir='ltr'>meridiem,</span> 
     </span>
    </p>
   </div>
   <div class='ocr_carea' id='block_1_6' title="bbox 0 0 1380 5182">
    <p class='ocr_par' dir='ltr' id='par_1_6' title="bbox 0 0 1380 5182">
     <span class='ocr_line' id='line_1_33' title="bbox 0 0 1380 5182; baseline 0 0"><span class='ocrx_word' id='word_1_236' title='bbox 0 0 1380 5182; x_wconf 95' lang='lat' dir='ltr'> </span> 
     </span>
    </p>
   </div>
  </div>
 </body>
</html>
