2764 5182
1058 479 1109 568 '41

126 655 387 760 'arrnolatibne
404 654 599 761 'laudibus
628 683 773 762 debitis'
805 659 1034 764 efferamur·
1055 691 1112 746 :..=.

122 825 281 898 Parisiis
324 826 472 924 primus
494 819 498 824 ’
518 819 613 894 'mihi
656 805 798 908 laude,
821 799 1115 928 praedicandus

10 1051 11 1054 Ἴ
123 956 175 1032 V.
195 929 274 1056 egrss
296 955 341 1032 Ο.
360 931 403 1028 Β.
419 957 646 1037 Hasequi
668 985 794 1060 usque
812 937 981 1035 advitae
1003 973 1113 1036 meae

124 1067 309 1166 ultimum
343 1069 519 1192 s‘piiitum
554 1069 773 1168 dectrinam
808 1121 893 1168 non
926 1097 1056 1172 solum
1090 1095 1113 1172 ἑ

123 1215 465 1330 praeleetionibus
495 1231 576 1303 eiua
603 1226 772 1330 publicis
805 1207 967 1331 petitam
994 1251 1033 1308 et
1056 1234 1114 1308 fa'·

123 1364 283 1439 ‘miliari'
300 1361 506 1462 colloquio
540 1360 662 1437 fusius
693 1364 926 1466 explicitam
947 1369 1115 1469 gratissi}

123 1525 195 1574 mo
239 1517 443 1598 acceptam
483 1497 652 1572 referam
693 1503 848 1591 auimo,
889 1503 959 1576 sed
1003 1509 1115 1580 citiul

126 1633 302 1710 candida
326 1637 497 1708 amicitia
517 1637 636 1707 vitam
655 1657 786 1726 meam
808 1661 915 1712 nunc
938 1635 1035 1712 facit
1055 1637 1117 1710 hi-

124 1770 265 1843 larem.
336 1742 466 1841 Tanta
497 1767 615 1843 huius
652 1772 724 1843 viri
755 1751 1036 1848 benevolentia
1071 1793 1116 1849 ut

124 1909 202 1980 'sim
236 1904 370 2002 dignus
412 1904 522 1996 olim,
569 1904 751 1980 omnibus
791 1905 935 1982 viribus
973 1892 1116 1986 eriito'fi

107 2045 210 2141 'Ipsi
236 2019 440 2116 ac'curatas
468 2027 596 2114 debeo
618 2041 665 2114 de
686 2041 905 2118 Codicibus
924 2025 1115 2122 Parisinit

126 2174 291 2249 notitias
303 2175 319 2266 ‚'
343 2175 472 2250 debeo
497 2175 760 2276 legendorum
780 2177 965 2252 Veterum
978 2158 1115 2257 'Coddl

124 2318 224 2388 Mss.
239 2312 487 2402 facultatem,
516 2311 644 2385 debeo
668 2311 848 2412 plurima.
900 2318 978 2416 Ipsi
995 2317 1116 2392 hasce

127 2471 267 2526 tenues
294 2425 512 2523 studiorum
541 2460 724 2520 meorum
750 2451 939 2547 primitias
967 2453 1117 2528 dicatas

129 2609 216 2661 esse
241 2583 364 2660 volui.
403 2626 453 2644 -
507 2582 661 2656 Gratias
688 2607 762 2681 ago
788 2585 928 2660 multas
957 2613 1118 2689 quoque

128 2723 181 2807 V.
199 2745 260 2796 ex.
274 2717 418 2809 Gailio,
442 2714 832 2812 Raoul-Rochettae‚
859 2722 1125 2798 custodibus--

132 2881 214 2960 que
234 2852 501 2958 Bibliotlreeae
517 2856 767 2944 Mazariueae
789 2873 829 2927 et
845 2855 1119 2954 Bibliothecae

130 2994 303 3064 Instituti
321 2992 512 3081 Francici,
528 2987 692 3089 aliisque
707 2964 839 3065 inultis
856 2993 956 3066 Viris
977 2991 1119 3084 doctis,

132 3127 204 3228 qui
223 3152 306 3200 non
324 3123 451 3198 solum
466 3125 708 3200 Parisiieeetl
724 3126 831 3227 apud
848 3146 1001 3215 exteros
1019 3151 1121 3230 quo·

134 3287 215 3366 que
234 3251 440 3336 doctrinae
458 3258 745 3361 literarumque
764 3259 884 3337 laude
902 3261 1057 3339 florent.

564 3426 598 3530 t.
624 3437 686 3508 sa.

209 3600 272 3675 Ad
311 3623 471 3700 graecas
514 3595 645 3673 literas
684 3617 791 3674 totus
832 3627 941 3677 nunc
981 3603 1119 3681 redeo.

66 3811 69 3821 .
134 3732 331 3836 Epistolas
382 3732 548 3808 ineditas
594 3735 863 3836 Imperatoris
908 3740 1121 3812 Manuelis

136 3869 413 3971 Palaeologi,
448 3893 471 3943 e
493 3866 636 3946 codice
658 3873 779 3946 unico
802 3875 980 3947 Parisino
1009 3877 1120 3976 regio

136 4017 233 4098 504¹
270 4005 485 4106 descriptae
518 4009 560 4080 in
593 4007 747 4084 scriniis
777 4033 914 4104 aerv0,‹
945 4009 1121 4086 edendas
