2728 5186
327 503 405 582 228

359 711 447 757 surus
460 689 656 750 descendebat.
689 683 872 744 Describitur
883 683 938 740 ills'
950 703 966 738 a
978 682 1072 754 Tyrio
1085 680 1107 736 l.
1115 680 1160 736 20.
1174 696 1201 732 c.
1211 676 1259 733 25.
1281 675 1336 728 Arl-

363 786 398 840 sle
413 785 524 838 Annam
542 801 570 853 p.
578 779 639 835 443.

333 875 508 926 Immensc
530 863 704 933 Pataris]
745 859 881 930 Magnum
905 853 1053 907 Palatium
1074 853 1235 920 intelligit,
1257 849 1336 920 quod

372 953 633 1010 constantinianum
651 948 775 1021 appellat
795 947 905 1014 Tyrius.
939 942 1013 996 Vide
1028 941 1120 995 Notas
1136 939 1174 992 ad
1188 937 1336 990 Villhanl.

372 1046 433 1101 123.
449 1055 477 1096 et
493 1041 527 1094 sd
539 1041 660 1091 Annam.
679 1055 706 1106 p.
714 1035 759 1090 66.

340 1125 412 1183 ria
443 1122 712 1191 Columnarum]
769 1117 877 1172 Forum
906 1115 1094 1184 intelligitur,
1130 1109 1212 1182 quod
1235 1109 1335 1178 Augu-

372 1226 481 1268 stasum
509 1211 664 1278 vocabant,
697 1220 726 1262 et
747 1205 897 1259 Columnis
920 1199 1096 1270 cingebatur.
1143 1199 1265 1264 Procop.
1284 1195 1337 1246 1.1.

372 1303 407 1356 de
429 1297 521 1356 Aedis.
544 1299 615 1351 lust.
637 1297 675 1354 les
697 1293 724 1346 tt
749 1291 766 1358 ’l
790 1287 875 1360 ἀγορὰ
899 1288 951 1358 πρὸ
977 1289 1030 1338 sols
1049 1287 1197 1336 Βασιλέων
1227 1285 1338 1348 nsulsu-

341 1388 346 1395 ’
373 1390 435 1450 λος,
467 1386 639 1454 Atlycusuicv
660 1380 769 1431 natata.
791 1377 840 1443 τήν
859 1373 959 1444 slyccsir
981 1377 1008 1426 οἱ
1028 1372 1180 1432 Βυζάντιοι.
1219 1369 1302 1423 Alibi
1325 1363 1362 1420 e*

372 1477 493 1543 regione
513 1483 628 1526 senatus
643 1468 840 1535 Augustaeum
859 1463 965 1516 statuit.
999 1461 1035 1512 In
1051 1457 1071 1514 4
1087 1459 1225 1528 regione,
1247 1456 1339 1508 Vetus

374 1559 461 1614 Urbis
484 1557 647 1627 descriptio.
688 1553 823 1619 Denique
844 1550 973 1602 vicinum
993 1543 1082 1598 fuisse
1093 1543 1220 1612 Magnae
1242 1542 1339 1593 Eccle

375 1649 434 1702 siae
457 1647 605 1714 colligitur
628 1655 667 1694 ex
687 1636 838 1702 incendio,
859 1650 917 1704 quo
933 1631 1121 1700 conflagravit
1138 1632 1173 1682 in
1192 1627 1340 1682 seditione

375 1733 601 1786 Victoriatorum
610 1769 617 1794 ,
638 1724 714 1796 apud
731 1721 892 1773 Chroniwm
905 1717 1057 1772 Alexandr.
1074 1715 1174 1786 p.778.
1188 1725 1219 1766 et
1241 1713 1341 1762 cedre-

375 1835 442 1870 num
457 1816 555 1890 p.369.
593 1811 648 1866 sed
661 1821 688 1864 et
708 1808 825 1859 Nicstas
839 1810 871 1859 in
884 1807 967 1858 Alex.
983 1802 1062 1856 Man.
1077 1801 1107 1854 F.
1121 1819 1151 1853 n.
1164 1803 1190 1856 6.
1206 1813 1239 1854 et
1259 1800 1340 1850 Gadi-

374 1920 428 1956 nus
455 1904 489 1958 de
512 1899 699 1956 ornaturae
717 1893 789 1948 C.P.
811 1913 835 1946 c.
847 1893 888 1949 17.
909 1911 938 1946 n.
957 1894 998 1948 10.
1040 1888 1174 1942 Tradunt
1193 1883 1341 1939 vestibula

375 1990 498 2060 Magnae
510 1988 654 2042 Ecclesiae
667 1986 697 2036 in
708 1983 871 2050 Augustaeo
889 1981 1031 2034 extitisse:
1054 1975 1131 2028 unde
1144 1973 1301 2042 προαύλιον
1314 1977 1342 2022 ri

378 2077 496 2146 μεγάλου
515 2078 563 2126 cci
584 2073 689 2125 dicitur
707 2069 834 2118 Zonaras
851 2085 879 2136 p.
892 2067 935 2122 52.
957 2066 1026 2117 dum
1039 2061 1272 2115 Iustinianaeam
1291 2072 1341 2111 sta·
1361 2115 1362 2148 ,

377 2175 458 2218 tuam
476 2158 626 2227 describit,
647 2173 734 2227 quarn
757 2157 789 2207 in
813 2151 957 2206 vestibulo
975 2151 1097 2220 Magnae
1117 2147 1270 2200 Ecclesiae
1294 2163 1340 2198 ex·

376 2249 469 2302 titisse
490 2258 616 2313 constat,
644 2255 729 2311 atque
751 2240 821 2293 adeo
842 2241 876 2290 in
898 2241 963 2308 ipso
978 2242 1159 2305 Augustaeo,
1187 2233 1271 2286 unde
1293 2232 1362 2285 Ce*

378 2335 486 2388 drenus
507 2352 536 2403 p.
552 2329 613 2388 374.
648 2327 860 2398 Augustaeonis
886 2339 994 2376 nomen
1016 2325 1075 2393 ipsi
1095 2333 1205 2374 statuae
1228 2319 1339 2372 tribuit.
1361 2343 1362 2392 3

378 2419 470 2475 Porro
488 2420 685 2488 Augustaeum
708 2433 723 2467 a
744 2413 934 2466 Constantino
956 2407 996 2462 Μ.
1014 2421 1181 2463 extructum
1208 2407 1339 2461 scribunt

379 2503 539 2572 Hesychius
557 2503 686 2556 Milesius
699 2512 727 2554 et
748 2497 901 2550 chronicon
918 2495 1148 2548 Alexandrinum.
1183 2495 1282 2549 Portis
1296 2515 1337 2550 re

380 2613 413 2648 ro
433 2592 530 2646 iorum
551 2591 649 2662 ipsum
669 2590 799 2641 clausum
819 2583 924 2651 fuisse,
954 2583 1071 2633 Nicstas
1091 2584 1158 2636 loco
1180 2586 1285 2650 citato,
1314 2595 1339 2635 et

385 2679 504 2732 vodinus
521 2679 554 2730 in
575 2675 654 2744 Orig.
673 2673 707 2728 C.
725 2671 756 2726 P.
778 2682 1011 2724 commemorant.
1053 2669 1176 2740 Scripsit
1196 2667 1340 2736 Georgius

383 2763 569 2832 Pachymsrss
585 2763 731 2830 Ἕκφρασιν
752 2760 784 2809 τῦ
797 2754 1018 2824 Αὕγουςαιῶνος,
1042 2773 1117 2826 quae
1138 2765 1220 2808 extas
1244 2760 1277 2807 in
1297 2753 1341 2806 Bi·
1361 2800 1362 2814 ,

378 2849 482 2906 anoth.
496 2849 595 2918 Regia.
629 2841 1052 2914 v.cy11.tnc.1‘.1.2,c.17.
1361 2821 1362 2834 '

345 2940 411 2992 800
437 2934 534 2986 Glari
541 2934 672 3003 corum]
718 2929 793 2984 vide
807 2929 875 2998 Leg.
889 2929 916 2984 3.
932 2946 956 2982 c.
972 2927 1007 2982 tle
1029 2928 1138 2983 Sacros.
1153 2929 1269 2983 Eccles.
1285 2929 1341 2984 Nc·

378 3023 481 3080 rell&
498 3025 555 3076 c.1.
568 3018 589 3092 l
598 3023 624 3074 1.
640 3032 667 3074 st
679 3017 754 3072 Nor.
764 3019 806 3073 16.
822 3015 875 3068 ubi
891 3014 926 3069 (le
944 3031 1067 3070 numero
1082 3015 1270 3071 Clericorum
1285 3015 1342 3071 Ma·

380 3111 452 3164 ioris
463 3109 607 3161 Ecclesiae
627 3105 680 3159 sub
693 3105 864 3158 Iustiniano.
1361 3091 1362 3112 *

345 3195 453 3246 'Nunc
476 3202 591 3244 autem
616 3190 695 3244 solo
725 3189 904 3260 Testudo]
946 3191 1090 3260 Auget-ius
1110 3187 1294 3260 Busbsquius
1314 3179 1362 3272 inl

381 3281 447 3333 ltin.
467 3277 497 3332 C.
514 3277 544 3331 P.
564 3277 599 3331 tle
621 3277 689 3332 aede
713 3275 876 3348 Sophiana:
907 3277 960 3326 Est
980 3294 1014 3328 sa
1033 3293 1103 3328 sans
1119 3275 1205 3327 moles
1227 3279 1342 3348 magni-

371 3365 435 3434 fica
451 3376 478 3419 st
492 3366 579 3437 digna
600 3382 670 3436 quas
690 3373 845 3432 spectetur,
863 3364 982 3413 maximo
1002 3379 1062 3418 cum
1075 3360 1273 3432 fornicatrice
1292 3363 1342 3412 he-

380 3453 530 3521 misplrsrio
542 3453 572 3504 in
585 3451 690 3512 medio,
704 3450 784 3524 quod
796 3466 815 3500 c
827 3448 887 3500 solo
900 3447 1029 3516 impluvio
1044 3445 1135 3498 lumen
1149 3447 1248 3500 hohst-
1271 3451 1341 3500 Sunt

381 3537 431 3609 qut'
446 3536 537 3605 sus'sss
556 3535 642 3588 multo
655 3523 762 3598 molus,
786 3531 933 3604 multisque
948 3533 1146 3603 appendicibus
1167 3534 1227 3586 lats
1250 3554 1280 3586 ss
1297 3553 1341 3588 sr-

381 3624 518 3688 tendisse,
550 3639 654 3693 easque
674 3619 833 3689 iampridem
858 3619 964 3671 recisas
983 3637 1075 3672 ornnes
1097 3631 1126 3672 et
1149 3623 1244 3690 adyta
1264 3623 1340 3686 sola,
1361 3593 1362 3670 l

381 3711 507 3781 quodque
525 3707 590 3779 suit
613 3710 642 3759 in
664 3705 774 3775 Elsmplc
795 3707 911 3758 medium
930 3707 1096 3758 rsrnansr‘sss
1119 3719 1265 3759 asserunt.
1301 3709 1338 3760 si-

327 3787 336 3800 ‘
380 3799 461 3852 milia
480 3797 568 3852 habet
583 3815 620 3850 ex
634 3795 840 3850 Graeculorum
854 3795 993 3847 relatione
1009 3792 1036 3844 D
1053 3793 1088 3846 de
1104 3795 1211 3845 Breues
1227 3800 1261 3848 in
1275 3797 1338 3848 ltin.

379 3884 430 3938 sed
444 3885 515 3938 haec
534 3901 611 3937 mera
625 3898 686 3936 esse
709 3898 810 3934 eorum
824 3879 960 3948 figmenta
981 3891 1106 3949 norunt,
1135 3885 1192 3950 qui
1205 3879 1339 3952 Byzanti·

378 3987 447 4024 nam
456 3970 615 4023 Historiam
626 3969 673 4021 rel
686 3968 788 4019 leviter
801 3969 927 4034 attigere.

343 4055 469 4123 ‚Usque
487 4051 811 4123 cdpcvimsntum]
848 4049 924 4106 vitta
940 4051 1094 4124 Euagrium
1116 4052 1190 4126 l.4,
1212 4053 1294 4114 c‚29.
1313 4066 1337 4110 et

381 4139 501 4208 Gyttium
516 4145 548 4197 in
564 4141 594 4197 C.
606 4139 636 4198 P.
651 4141 706 4207 l.2
721 4139 769 4197 o.3
783 4151 810 4196 et
821 4138 849 4198 4.

657 4267 667 4296 l
