2742 5182
289 427 365 505 112

234 580 237 586 ’
283 620 584 708 ssim-quam
602 617 750 688 mensus
765 619 920 704 pansus
935 583 1217 692 seanxium.
1234 631 1269 692 a

285 732 345 791 eir.
360 746 435 788 eam
450 726 709 788 numeravimus.
752 721 886 786 Dicitur
905 730 996 790 enim
1013 725 1117 790 citios
1135 748 1269 810 graece,

284 827 386 892 latino
405 843 634 912 praegnans,
659 823 713 886 vel
736 823 847 888 chion
870 826 1060 908 columna,
1082 825 1136 890 vel
1158 828 1269 892 chion

252 987 254 993 ,
286 928 402 992 oanis.
445 923 484 986 In
497 946 563 1010 qua
574 919 716 1001 inutile,
730 911 903 988 vThoantis
917 923 995 1002 filia,
1015 935 1147 1010 patrem
1159 937 1270 990 traus-

283 1031 391 1110 misit,
412 1023 540 1110 fingens
556 1022 796 1089 Lemniadibus
815 1029 928 1110 ipsum
942 1025 1111 1090 occidisse.
1154 1025 1194 1090 In
1207 1026 1269 1091 hae

284 1133 383 1192 eiiam
396 1124 521 1204 insula,
546 1135 584 1188 ut
599 1129 643 1188 ait
658 1122 825 1200 Ovidius,
848 1135 1026 1212 postquam
1041 1125 1196 1192 Theseus
1212 1149 1269 1190 oc⁴

284 1225 635 1306 eidiiMinoiaurum,
665 1237 697 1288 et
720 1221 895 1308 aufugiens
918 1226 958 1289 de
982 1225 1081 1292 Creta
1102 1238 1135 1292 et
1153 1247 1269 1292 seeum

283 1327 436 1392 deferens
453 1327 533 1390 duas
548 1326 633 1390 filias
647 1326 773 1390 Minois
787 1331 892 1410 regis,
914 1323 1100 1393 Adrianam
1112 1350 1184 1392 non
1196 1349 1270 1390 me-

282 1429 501 1510 ritodimisit,
522 1439 555 1494 et
565 1426 752 1492 Phaedram
767 1425 830 1489 sibi
846 1431 1000 1512 coniugio
1018 1427 1198 1516 copulavit.

323 1590 511 1666 „Protinus
526 1581 667 1665 Aegides
686 1593 780 1662 rapta
800 1583 943 1642 Minoide
966 1586 1067 1646 Chion

330 1689 365 1750 V
361 1690 411 1746 ela
425 1687 514 1746 dedit
530 1689 732 1763 comitemque
753 1703 844 1742 estam
859 1685 996 1745 crudelis
1011 1687 1119 1746 inille
1143 1725 1145 1728 -

323 1791 435 1849 Litore
450 1787 609 1846 destituit.
651 1786 805 1843 Desertae
823 1797 854 1843 et
867 1788 968 1846 multa
982 1791 1142 1868 querenti,

323 1889 497 1968 Amplexus
510 1900 541 1946 et
558 1906 643 1966 opem
661 1885 738 1944 iniit
755 1885 867 1944 Liber:
895 1899 990 1967 utque
1007 1892 1141 1966 perenni
1199 1933 1202 1936 -

290 1987 294 1996 ’
327 1987 434 2047 Sidere
448 1990 539 2046 claro
546 1988 655 2067 foret,
678 1983 836 2066 sumptam
853 1989 890 2047 de
895 1989 1009 2068 fronte
1023 2009 1171 2049 eoronam

323 2091 462 2152 Immisit
480 2089 582 2164 coelo;
602 2099 710 2146 tennes
725 2090 813 2147 volnt
826 2091 886 2147 illo
897 2111 954 2168 per
967 2091 1104 2148 nnras.“

282 2237 377 2317 Quae
394 2237 497 2321 'longa
517 2233 558 2298 do
578 2244 686 2298 irione
702 2235 743 2298 ad
757 2237 932 2300 meridiem
949 2241 985 2300 in
1000 2236 1128 2302 duabus
1146 2237 1268 2304 dividi⁴

280 2351 338 2404 tur
360 2335 521 2424 partibus.
563 2323 839 2424 linostimum,
872 2359 955 2426 quae
980 2338 1021 2402 ad
1039 2344 1185 2404 trionem
1206 2362 1267 2405 ex-

281 2448 422 2527 spectat,
445 2433 705 2520 Aponomerea
722 2461 838 2524 graece
854 2441 989 2515 dicitur,
1011 2431 1161 2504 ei'latine
1179 2465 1265 2526 pars

281 2561 447 2628 supremo
469 2544 730 2624 interpretatum
743 2540 887 2604 secunda
906 2545 1116 2605 Catomerea
1131 2564 1265 2627 graeoe‚·

279 2640 379 2706 latine
402 2661 489 2727 pars
513 2638 644 2724 infimo
667 2640 861 2705 declaratur.
915 2637 1030 2704 Prima
1057 2663 1201 2726 quarmn
1228 2651 1265 2709 in

279 2740 449 2818 montibus
465 2745 591 2826 asperis
607 2739 728 2804 elevata
746 2752 777 2804 et
790 2729 832 2804 ¹ab
849 2741 1023 2804 arboribus
1037 2746 1265 2832 pinorumque

264 2841 492 2930 *platanorum
510 2839 625 2904 fulcita
648 2852 711 2919 est,
734 2842 854 2930 quibus
875 2839 983 2933 fontes
999 2853 1188 2933 emanantes
1203 2866 1267 2932 per

279 2942 454 3009 umbrosas
469 2939 581 3018 valles,
604 2940 745 3007 flumina
760 2941 974 3027 frigidissima
989 2949 1025 3006 in
1038 2966 1130 3008 mare
1144 2945 1267 3022 decusa

279 3037 386 3110 reniia
399 3041 590 3106 molendina
608 3051 773 3110 triturant.
815 3043 907 3107 Hine
925 3043 1126 3134 inde'igitur
1140 3057 1267 3110 castra-

281 3166 346 3232 que
359 3140 497 3228 ioppida
520 3141 557 3206 iu
585 3143 793 3232 collibusque
816 3144 924 3230 planis
944 3144 1044 3231 plura
1066 3158 1267 3225 cernuntur,

282 3266 328 3308 sc.
345 3242 488 3308 Volisso
508 3264 587 3307 cum
605 3245 706 3329 plano
727 3251 870 3331 optimo,
901 3245 1099 3334 Perperea,
1123 3247 1266 3314 Sancta

279 3344 443 3419 Helena,
470 3341 678 3417 Melaneto,
706 3345 835 3424 Viclzo,
856 3341 983 3411 ¹Pitbio
1006 3358 1038 3410 ei
1057 3347 1268 3412 Cardamile

277 3456 422 3510 cernunt
444 3450 557 3508 omnia
578 3451 722 3525 circum,
745 3470 823 3512 cnm
845 3445 1106 3534 Sto-Angelo,
1129 3449 1268 3522 Helia,

279 3559 311 3614 et
329 3546 410 3611 olim
433 3546 596 3632 oppidsun
617 3569 697 3612 cunr
717 3570 799 3612 rnre
813 3551 964 3617 Homeri
979 3551 1104 3615 dictum
1125 3571 1270 3614 enume-

279 3661 355 3716 rant
377 3655 413 3712 iu
434 3658 528 3734 parte
553 3653 726 3732 superiori.
749 3717 751 3724 ,
771 3649 847 3731 Quo
873 3657 908 3714 in
929 3651 1053 3738 oppido
1076 3651 1189 3715 diruto
1213 3673 1270 3714 se-

279 3749 462 3842 pulchrum
482 3753 563 3812 vans
579 3745 721 3812 Homeri
741 3751 784 3815 ob
804 3756 943 3816 nimiam
964 3757 1192 3838 antiquitatem
1213 3757 1270 3816 in-

278 3857 410 3942 venitur
434 3849 588 3918 deletum.
637 3849 711 3916 sed
732 3852 772 3915 ab
794 3852 915 3940 aliquo.
933 3864 1067 3934 auctore
1090 3875 1271 3938 nunquam

270 3963 451 4018 narratrun
464 3939 671 4044 ‘reperiquid'
684 3951 724 4016 de
741 3973 781 4018 eo
804 3955 933 4020 sertum
951 3959 1010 4037 sit3
1031 3938 1270 4041 ideoposieris

1226 4047 1272 4118 ad
