2764 5182
1077 429 1104 502 9

116 622 216 700 blioi
251 627 345 699 iuris
372 623 499 718 facio,
532 603 790 728 iripoercitam
814 625 919 704 hanc
945 625 1103 704 Praefa-

116 767 271 836 tionem
299 745 486 836 exhibere
517 764 654 836 visum.
728 762 866 868 Iiaque
895 769 938 839 in
962 770 1103 865 prima

117 916 232 998 parte
255 899 373 971 Libri
394 900 604 972 Notitiam
629 899 863 975 literarium
894 899 1101 993 exhibens,

120 1035 419 1108 deAuctoribus
438 1059 564 1134 agam,
581 1034 1002 1136 quissondelmontium
1017 1035 1102 1110 lau·

120 1169 281 1263 darunt,
318 1168 535 1270 fragmenta
559 1174 643 1245 eius
672 1173 751 1244 iam
776 1173 877 1273 typis
902 1149 1102 1274 vulganda

119 1324 372 1399 curaverunt,
401 1325 693 1407 excerpserunt.
745 1309 790 1380 In
807 1311 991 1383 secunda
1013 1335 1102 1409 par-

116 1459 155 1514 te
184 1441 234 1514 de
252 1443 569 1515 Bondelmontii
591 1445 694 1518 Vita
718 1459 759 1514 ec
783 1445 952 1546 Scriptis
980 1445 1101 1520 disse·

117 1605 222 1676 ram3
264 1583 457 1653 incertia
481 1578 651 1680 denique
677 1579 778 1677 quid
801 1606 829 1650 a
856 1605 923 1652 me
950 1583 996 1650 in
1019 1582 1101 1654 hac

14 1791 16 1796 .
119 1720 308 1790 editione
317 1719 566 1808 praescitum
577 1715 710 1813 fuerit
732 1718 905 1815 previter
923 1717 1066 1793 dicam.

367 1995 553 2062 PARS
608 1993 856 2061 PRIMA.

173 2141 349 2225 Notitia
378 2139 582 2221 literaria
611 2134 668 2218 de
697 2136 1043 2221 Bondelmontio.

555 2481 589 2586 ἕ·
616 2493 654 2562 3.·
678 2505 685 2514 “

191 2643 275 2718 Viri
303 2638 411 2715 docti
443 2639 511 2738 qui
535 2636 826 2734 Bondelmontii
854 2633 1010 2708 Librum
1043 2637 1093 2710 de

115 2778 255 2852 Insulis
278 2771 524 2878 Archipelagi
549 2791 765 2884 novefunt,
800 2798 890 2845 eum
921 2791 988 2845 aut
1010 2773 1096 2881 Isu-

64 2928 70 2938 “
117 2915 282 3008 darunt,
307 2929 373 2984 aut
388 2928 517 3010 partes
542 2911 624 2980 eius
649 2906 800 3006 publici
823 2909 916 2977 iuris
938 2910 1015 2976 iam
1036 2906 1094 2978 fe·

117 3068 275 3141 cerunt,
311 3067 378 3121 aut
402 3071 490 3120 eum
516 3059 809 3144 excerpserunt.
862 3041 975 3136 Quos
997 3063 1091 3141 ergo

115 3186 157 3260 in
178 3203 261 3260 tres
276 3183 447 3259 dividam
465 3179 622 3256 classes.

552 3393 587 3496 ᾗ.
613 3399 652 3472 s.

119 3564 151 3612 ι.
176 3537 245 3609 Ex
261 3535 449 3638 professo
468 3531 517 3605 de
539 3557 587 3606 eo
612 3546 776 3631 egerunt
799 3527 847 3615 G,
863 3525 900 3601 J.
927 3526 1093 3600 Vossius

164 3668 501 3746 deScient.Math.
514 3669 558 3740 C.
571 3692 638 3767 70,
666 3665 698 3768 β
708 3680 744 3751 8.
764 3662 869 3737 etde
885 3659 1092 3734 Historicis

161 3807 228 3881 lat.
254 3805 322 3880 lib.
340 3819 376 3890 3.
404 3807 492 3877 Par.
510 3815 546 3889 ὅ.
582 3827 617 3877 c.
635 3829 672 3900 9.
707 3846 759 3862 -
811 3796 988 3872 Casimir
1011 3796 1092 3868 ow

164 3945 286 4017 dinus
302 3943 566 4017 commentar.
587 3937 855 4036 descriptorr.
873 3947 913 4008 et
927 3929 1090 4032 Scriptis
