2742 5182
302 443 376 518 toa

295 641 452 724 acceptia
471 643 530 702 est.
573 631 641 714 Qut
660 633 743 700 dum
758 633 881 702 Christi
900 632 1001 700 fldem
1018 637 1188 704 mirandis
1205 662 1275 706 ma-

297 745 371 827 gnis
384 738 605 824 praedicaret,
625 735 722 802 multi
737 759 779 802 ex
792 737 964 824 discipulis
982 741 1051 801 suis
1070 744 1106 802 in
1123 737 1211 802 hanc
1224 747 1275 806 iu·

297 840 406 904 sulam
425 849 650 915 accesserunt,
673 848 706 902 et
717 842 959 903 monastetium
977 861 1047 902 non
1063 839 1163 925 longe
1179 863 1199 905 a
1215 865 1274 906 suo

295 941 433 1006 oraculo
447 949 720 1015 construxerunt,
743 943 859 1026 inquo
876 939 1011 1025 quidem
1031 963 1139 1026 usque
1157 946 1195 1004 in
1212 940 1274 1005 ho-

296 1039 451 1106 diernum
471 1064 489 1105 a
509 1039 668 1104 Caloieris
688 1037 869 1116 habitatur,
892 1050 939 1117 et,
966 1040 1127 1106 aTurcis
1147 1041 1274 1106 nullam

212 1151 215 1157 '
293 1141 452 1207 habentes
464 1139 666 1218 molestiam,
688 1160 785 1226 saepe
798 1143 834 1203 in
844 1140 1029 1205 Turchiam
1042 1154 1222 1206 recurrunt
1235 1143 1274 1206 ad

294 1248 566 1308 sustentationem
578 1247 671 1306 vitae.
700 1239 793 1318 Quae
806 1252 983 1306 montuosa
1000 1263 1078 1304 cum
1091 1240 1273 1306 humilibus

294 1343 445 1410 collibus.
466 1342 506 1407 lu
519 1365 559 1408 ea
569 1365 669 1408 venae
682 1341 896 1409 metallorum
910 1347 1125 1432 reperiuntur
1139 1342 1272 1407 multas.

677 1519 888 1538 m

342 1601 353 1630 Ν
385 1625 389 1632 .

749 1667 813 1742 49.

293 1777 510 1902 computavi
527 1811 567 1874 de
583 1809 756 1884 Pathmo,·
779 1833 870 1876 nunc
883 1808 930 1873 vad
952 1807 1113 1896 Dipsim,
1134 1837 1272 1902 parvam
1358 1797 1359 1844 3

289 1915 450 1992 insulam,
474 1914 677 1977 accedemus.
720 1914 782 1976 Est
799 1916 902 1997 igittu·
918 1911 1015 1999 dipsa·
1032 1935 1168 1997 graece,
1193 1919 1272 1981 sicis
1358 1923 1359 1934 ¹

287 2015 405 2093 latine,
428 2021 504 2104 quia
523 2019 608 2076 sicca
623 2024 672 2076 est
688 2022 719 2077 ct
733 2014 894 2078 viriditate
908 2019 1060 2094 calescit3
1082 2017 1158 2082 ideo
1171 2018 1270 2105 Dipsi
1358 2015 1359 2038 ³

287 2123 495 2192 nominatur,
518 2118 594 2202 quia
610 2114 700 2177 atida
714 2126 745 2178 et
758 2126 954 2193 montuosa,
977 2126 1008 2180 et
1022 2119 1198 2205 uunquam
1211 2119 1270 2184 ha·

286 2215 431 2282 bitavere
447 2227 567 2303 patres.
610 2215 649 2279 ln
669 2237 735 2301 qua
754 2222 845 2296 sinus
867 2217 908 2282 ab
927 2221 1052 2280 oriente
1068 2219 1217 2300 videtur,
1240 2233 1270 2286 et

287 2340 377 2383 nunc
392 2318 432 2382 ab
447 2323 598 2406 {tegisque
611 2320 711 2381 asinis
725 2316 868 2382 habitata
880 2317 1084 2383 silvestribus
1101 2333 1249 2408 apparet.

671 2492 880 2510 m

705 2641 708 2652 ’
742 2657 804 2735 60.

283 2768 365 2874 Ab
389 2807 452 2872 alia
476 2816 569 2894 parte
590 2803 690 2868 huius
714 2804 756 2868 ad
782 2802 959 2868 occiduum
989 2806 1137 2869 Crusiae
1159 2807 1271 2872 insula

282 2918 371 2978 inter
389 2910 600 2994 Icareamque
619 2904 784 2969 Pathmon
803 2902 987 2971 humilibus
1011 2907 1182 2972 mantibus
1203 2915 1270 2974 cir-

284 3021 451 3078 cumsecta
472 3019 536 3084 est,
558 3013 652 3070 cuius
675 3011 711 3068 iu
733 3011 874 3070 circuitu
894 3005 995 3094 aliqui
1011 3007 1141 3093 scopuli
1163 3031 1271 3096 appa-

282 3125 373 3192 rent3
398 3122 428 3174 ct
445 3109 600 3196 derelicta
616 3106 717 3191 longa
738 3113 805 3171 iam
825 3116 976 3192 tempore
998 3106 1038 3170 ab
1056 3107 1270 3190 hominibus,

284 3219 362 3303 quia
381 3218 418 3276 in
438 3210 550 3275 medio
572 3208 734 3295 oppidum
757 3205 941 3272 desolatum
962 3197 1136 3273 ¹manifesta
1162 3209 1271 3278 fuisse

281 3316 422 3380 videtur.
465 3311 567 3375 Nunc
582 3309 762 3372 indomitae
775 3307 897 3372 bestiae
914 3314 1025 3394 vagari
1043 3310 1272 3398 delectantur3

282 3427 315 3482 et
329 3415 451 3480 dicitur
473 3413 619 3478 Crusiae
633 3430 767 3496 graece,
790 3407 992 3475 deauratae
1006 3409 1118 3478 latine.

661 3587 872 3602 m

741 3731 806 3808 51.

279 3844 417 3950 Refert
430 3887 464 3948 V
461 3895 561 3950 arra,¹
576 3876 667 3969 quod
679 3881 715 3942 in
727 3877 927 3946 haeIcarea
941 3879 1051 3946 insula
1064 3877 1127 3946 fuit
1140 3880 1270 3962 Icarus,
1356 3919 1357 3950 2

280 3983 465 4061 Caatansis,
493 3993 525 4048 et
546 3981 622 4048 ideo
644 3979 754 4048 Icarea
778 3981 864 4048 dicta
889 3980 1043 4047 caeditur.
1087 3981 1158 4064 Qui
1182 4007 1272 4054 mox
