2742 5182
1037 413 1092 491 ,70

99 609 144 676 ab
161 607 246 686 alto,
269 605 376 674 denec
394 613 459 692 cite
479 606 593 688 velum
611 619 712 675 vento
727 595 926 698 praeitemus
943 631 1022 676 cum
1038 630 1094 676 sa-

98 713 183 777 lute.
224 711 383 798 Quinque
400 716 523 774 etenim
537 710 648 798 galeae
660 709 870 800 Venetorum
883 718 967 778 meis
982 719 1093 800 itaque

99 813 231 892 diebus,
253 813 294 878 de
309 813 447 880 Barata
459 821 673 891 revertentes,
684 809 736 875 'in
749 813 825 877 loco
841 824 918 878 sunt
938 811 1093 877 submer—

99 935 159 978 sae
171 919 251 992 isto,
277 935 420 1002 quarum
440 911 575 998 quidem
594 911 807 998 naufragium
823 932 939 979 omnes
960 933 1093 978 evasere

96 1013 264 1078 homines.
308 1011 432 1099 Reperi
455 1016 568 1089 etiam,
591 1021 628 1074 ut
652 1019 695 1075 ait
715 1014 749 1076 T.
766 1013 915 1086 Livius,
939 1014 1030 1103 quod
1051 1011 1093 1076 atl

99 1113 191 1178 hauc
214 1113 360 1179 insulam
385 1112 643 1202 oppuguandam
666 1114 769 1178 trium
792 1119 982 1204 iunctarum
1006 1115 1093 1178 clas-

98 1221 191 1280 sium
212 1237 329 1292 naves,
357 1212 607 1292 Romanorum,
625 1211 842 1279 ‘Rhodiorum
864 1229 895 1280 et
911 1215 1015 1280 Attali
1036 1209 1093 1279 re‘-

97 1323 169 1402 gis,
193 1337 392 1404 pervenere,
414 1321 590 1400 omnisque
612 1319 743 1399 generis
767 1321 941 1381 tormentis
966 1329 997 1382 et
1018 1337 1093 1379 ma-

97 1417 209 1482 chi-uis
237 1426 391 1492 onustae,
421 1427 458 1502 at
477 1413 571 1478 urbis
601 1415 729 1478 excidia
754 1418 965 1502 praebebant.
1010 1416 1092 1492 Sed‘,

99 1529 282 1606 postquam
302 1515 418 1582 multis
445 1515 720 1602 oppressionibus
745 1531 777 1582 et
792 1515 1092 1582 machinationibus

74 1653 77 1662 ·
99 1624 270 1706 oppressi,
293 1615 486 1680 aRomanis
509 1621 621 1682 civitas
647 1623 684 1681 iu
704 1624 838 1685 ruinam
861 1630 894 1684 et
910 1617 1094 1708 depraeda-

103 1727 232 1786 tionem
246 1723 427 1808 positaest.
1078 1733 1081 1743 ’

565 2019 631 2091 20.

97 2119 225 2232 Dum
239 2163 286 2248 sic
305 2163 489 2237 cemimus,
511 2178 627 2224 versus
646 2157 866 2226 Sicandrum
887 2165 950 2226 iter
968 2162 1093 2246 arripi-

99 2283 189 2327 mus.
232 2263 276 2328 Et
290 2262 411 2326 dicitur
425 2258 625 2326 Sicandros
639 2283 658 2324 a
671 2263 884 2326 multitudine
904 2262 1031 2326 ficuum
1045 2262 1093 2326 ibi

99 2361 380 2428 fructificantium
396 2347 488 2426 olim.
533 2359 620 2427 Sica
642 2368 764 2426 etenim
779 2385 913 2449 graece,
933 2364 1033 2427 latine
1039 2357 1093 2449 fi·

102 2486 168 2530 cus
196 2470 441 2553 interpretatur.
484 2460 610 2542 Quae,
641 2474 820 2533 montuosa
847 2471 964 2544 nimis,
994 2487 1094 2530 ave·

99 2576 190 2629 tusto
216 2576 367 2653 tempore
395 2585 502 2652 usque
535 2586 627 2627 nunc
656 2564 781 2629 inculta
808 2573 984 2645 remansit,
1018 2577 1092 2632 tum

99 2677 242 2754 propter
252 2665 447 2754 Turcorum
461 2676 493 2729 et
503 2668 689 2751 piratamm
701 2665 847 2742 insidias,
867 2677 941 2731 tum
954 2678 1094 2754 propter

99 2772 267 2853 ignaviam
281 2771 486 2856 rusticorum
507 2763 799 2852 coadhaereutium
815 2776 846 2856 et
859 2773 949 2853 po1ti
964 2773 1094 2832 minui-

99 2879 213 2933 tatem.
256 2867 296 2932 In
315 2889 380 2955 qua
402 2865 510 2944 aselli,
531 2863 618 2929 fone.
638 2866 865 2953 peninsulam
887 2866 1010 2947 relicti,
1031 2891 1093 2932 us-

101 2989 168 3057 que
181 2991 271 3032 nunc
285 2978 431 3032 errantes
445 2989 508 3056 per
524 2989 655 3053 asperas
669 2971 761 3054 ripas
772 2978 791 3046 ,¹
802 2989 925 3054 magno
939 2968 1019 3033 hine
1037 2975 1094 3034 iu-

101 3069 144 3134 de
161 3075 340 3156 capiuntur
352 3067 476 3134 labore.
518 3067 650 3133 Volunt
662 3075 764 3154 igitur
780 3071 871 3162 qued
886 3075 922 3133 in
935 3069 1000 3135 hoc
1013 3070 1089 3136 loco

100 3159 243 3238 Maleus
258 3169 409 3257 quidam,
430 3173 480 3232 vir
499 3179 665 3248 strenuus,
686 3171 1092 3258 tempore-Troianorum,

101 3273 145 3337 ad
173 3271 342 3335 excidium
369 3269 579 3336 Graecorum
607 3272 736 3336 duabus
774 3281 910 3338 accessit
938 3273 1091 3340 navibus.

100 3373 187 3452 Qui,
211 3371 391 3436 adhaerens
406 3373 534 3436 insulae
549 3371 647 3454 Deli,
665 3374 797 3460 alonge
819 3376 993 3440 oraculum
1009 3378 1093 3444 ada·

101 3479 202 3551 ravit,
227 3486 275 3554 et,
303 3495 507 3562 persequens
536 3496 637 3538 suum
662 3483 742 3553 iter,
771 3487 964 3563 tempestate
989 3477 1092 3557 facta,

100 3586 238 3639 necatus
264 3586 328 3654 est,
350 3585 382 3638 et
404 3581 451 3640 sic
473 3575 629 3640 viduatae
646 3577 821 3659 mulieres,
850 3587 973 3641 extunc
993 3585 1093 3666 oppi-

102 3676 184 3740 dum
203 3681 241 3740 in
254 3681 490 3740 exterminium
503 3673 688 3742 declinavit.
732 3678 846 3758 Quae,
873 3701 952 3744 cum
966 3684 1002 3742 in
1013 3681 1092 3746 lon-

99 3781 237 3862 gissima
251 3777 477 3864 perseveraret
492 3789 611 3855 aetate,
633 3783 669 3842 in
683 3763 867 3844 ‘'selitudine
886 3801 1091 3867 paucorum,

100 3866 341 3966 castellumque
358 3901 454 3960 rura,
475 3889 507 3942 et
526 3885 562 3944 in
578 3880 645 3944 fine
658 3880 821 3948 devenere
834 3881 876 3949 ad
892 3879 1047 3950 nttutum
1073 3939 1077 3948 .

480 4025 689 4048 Μ
