2742 5182
786 657 847 732 12.

318 811 397 920 N
388 857 495 920 errari
509 853 549 920 ds
568 852 677 920 Creta.
718 851 822 918 Nunc
837 849 880 916 ad
892 847 1039 915 insulam
1055 847 1239 934 carpenti
1257 869 1312 912 vc-

327 959 398 1020 nio.
445 962 579 1043 carpor
599 961 690 1020 cuim
709 975 844 1042 graece,
865 953 965 1016 latine
975 950 1149 1040 fructuss
1179 961 1213 1014 et
1227 949 1314 1014 Pal·

328 1054 413 1123 lcne
428 1057 515 1124 dicta
530 1080 549 1122 a
565 1057 634 1122 lilio
648 1057 763 1122 Titani
782 1055 830 1120 ibi
844 1055 1044 1122 dominante.
1087 1049 1144 1115 Ab
1164 1049 1230 1114 hac
1250 1054 1314 1135 igi-

324 1167 386 1222 sur
404 1158 513 1226 Pallas
531 1180 656 1224 nomeu
676 1163 792 1222 sortita
811 1168 875 1235 est,
896 1159 975 1242 quia
989 1159 1027 1218 in
1038 1175 1077 1218 ea
1091 1150 1157 1216 fuit
1171 1156 1313 1229 nutrita,

322 1281 409 1332 cum
421 1265 516 1348 prius
530 1271 706 1326 vocaretur
719 1258 883 1334 Minerva
891 1257 952 1321 dca
967 1259 1143 1343 sapientiae
1158 1263 1191 1316 et
1205 1252 1247 1316 de
1261 1274 1315 1316 cc-

325 1359 431 1426 rebro
443 1360 529 1428 Iovis
546 1373 640 1438 nata,
662 1381 747 1448 quae
762 1359 1028 1426 insimilitudine
1042 1359 1142 1420 unius
1159 1353 1315 1418 dominae

330 1471 474 1530 armatas
492 1473 563 1528 erat
582 1463 727 1550 sculpta:
756 1472 857 1549 caput
873 1463 1149 1526 circumcinctum
1169 1453 1317 1542 hydrae,

325 1573 366 1627 et
383 1568 485 1628 cassis
499 1585 578 1630 oum
594 1569 708 1645 orista3
729 1564 843 1630 lancea
855 1567 892 1626 iu
905 1561 1058 1636 dextera,
1079 1567 1112 1622 et
1125 1562 1163 1620 in
1182 1561 1317 1622 sinistra

333 1673 467 1730 scutum
490 1665 711 1731 cristallinum
736 1687 815 1730 cum
833 1672 985 1728 monstro
1004 1659 1181 1745 Gorgone,
1210 1668 1315 1723 vestes

331 1763 455 1849 triplici
476 1765 598 1830 colore.
639 1766 736 1832 quta
756 1786 791 1829 se
812 1764 898 1828 oliva
922 1785 1001 1828 cmn
1023 1774 1146 1826 noctua
1163 1761 1316 1847 desuper.

326 1862 438 1949 igitur
459 1877 529 1930 orat
548 1879 691 1944 armata,
719 1871 797 1955 quia
817 1870 947 1953 sapiens
969 1875 1020 1930 est
1041 1874 1187 1928 armatus
1210 1869 1316 1928 virtu-

329 1977 417 2032 tum.
459 1965 600 2034 Scutum
618 1967 839 2046 fortitudinis,
862 1966 977 2032 lancea
996 1965 1203 2032 rectitudinis
1218 1976 1252 2028 et
1264 1970 1317 2028 iu·-

281 2130 286 2138 .
334 2073 457 2147 stitiae,
477 2068 572 2155 galea
591 2071 776 2136 sobrietatis
793 2082 826 2136 et
841 2072 1091 2157 temperantiae,
1109 2069 1169 2129 iris
1186 2063 1317 2128 clarita-

329 2173 376 2234 ·tis
393 2179 426 2234 et
436 2171 649 2258 prudentiae,
672 2173 759 2238 oliva
770 2177 900 2260 pietatis
915 2181 948 2237 et
965 2167 1233 2244 misericordiae,
1253 2187 1317 2230 uo-

334 2279 412 2337 ctua
428 2270 623 2338 humilitatis
643 2285 676 2338 et
698 2275 924 2340 occultantiae.
967 2269 1155 2356 Triplioem
1175 2279 1318 2348 vestem,

329 2383 403 2438 tres
427 2377 564 2438 virtutes
586 2375 807 2463 theologicas,
837 2373 1074 2447 cristallinum,
1103 2369 1318 2456 splendorem

329 2478 498 2555 'veritatis3
528 2481 638 2564 imago
660 2477 835 2565 terribilis,
858 2480 960 2539 timor
985 2473 1134 2553 divinus,
1158 2469 1319 2556 Gorgona

332 2581 447 2662 imago
467 2581 585 2642 mortis
612 2579 666 2643 vel
688 2576 829 2660 diaboli3
860 2581 959 2641 crista
980 2575 1130 2638 honoris.
1161 2607 1201 2628 .-
1238 2573 1320 2638 ,Fuit

334 2683 459 2744 etenim
471 2676 553 2744 haee
566 2687 672 2765 patria
684 2682 798 2769 Iapeti,
815 2686 874 2770 qui
889 2678 974 2742 duos
990 2674 1107 2740 habuit
1120 2673 1220 2751 filios,
1236 2673 1319 2762 Epi-

335 2779 506 2846 metheum
529 2791 560 2844 et
579 2781 836 2862 Prometheum,
858 2783 996 2846 maximi
1018 2781 1144 2862 ingenii
1164 2786 1196 2840 et
1219 2776 1319 2841 vehe-

332 2885 456 2946 mentis
478 2881 594 2959 studii,
620 2891 678 2978 qui
696 2886 738 2951 de
757 2885 839 2950 limo
860 2895 968 2948 terme
989 2879 1136 2944 hominis
1156 2875 1321 2942 fonnasse

337 2981 554 3047 simulacrum
581 2983 712 3050 dicium
761 2985 839 3064 Quo
867 2983 985 3046 dilecta
1002 2979 1158 3044 Minerva
1177 2978 1322 3044 Prome-

336 3080 454 3146 theum
472 3082 570 3146 duxit
591 3090 628 3148 in
650 3086 800 3164 coelum,
825 3095 882 3162 ut,
911 3080 1040 3169 siquid
1060 3079 1101 3146 de
1122 3079 1322 3145 coelestibus

337 3181 437 3247 vellet
463 3183 504 3247 ad
535 3189 588 3250 sui
617 3191 729 3272 operis
755 3184 1012 3275 perfectionem,
1044 3191 1157 3271 posset
1190 3183 1323 3269 eligere.

339 3279 410 3361 Qui
427 3282 468 3348 de
482 3305 586 3350 curm
599 3287 678 3351 solis
691 3307 800 3352 unum
816 3310 860 3356 ex
872 3287 972 3351 radiis
988 3283 1126 3361 furatus,
1148 3289 1238 3348 intra
1251 3291 1323 3350 eius

335 3395 464 3472 pectus.
476 3391 633 3453 estimavit
649 3389 876 3456 simulacrum.
917 3387 1018 3452 Unde
1034 3409 1054 3450 a
1069 3385 1146 3450 Iove
1160 3385 1325 3452 fulmina·

267 3505 272 3514 ·
341 3495 394 3549 tus
413 3497 445 3551 et
462 3492 499 3552 in
513 3488 661 3555 Caucaso
682 3501 797 3556 moute
812 3489 949 3578 ligatus,
970 3493 1065 3553 iecur
1083 3486 1209 3552 uallari
1223 3509 1324 3574 prae·
1366 3495 1367 3522 ¹

341 3583 415 3652 buit
433 3595 626 3675 perenuiter
644 3591 900 3658 corrodendtun.
941 3589 981 3654 ln
1000 3599 1115 3656 monte
1137 3609 1217 3654 vero
1233 3587 1326 3654 Cau-
1366 3619 1367 3678 p

343 3709 419 3754 caso
432 3689 677 3772 Prometheus,
691 3693 826 3760 studens
844 3703 998 3760 naturam
1008 3691 1173 3768 hominis,
1194 3713 1213 3754 a
1227 3695 1326 3777 prm
1366 3687 1367 3750 l

343 3793 431 3876 cipio
443 3801 587 3860 terream
601 3817 672 3860 esse
687 3795 921 3874 consideravit,
943 3799 1077 3859 veniens
1092 3790 1134 3855 ad
1149 3790 1250 3856 aliam
1263 3813 1326 3855 na-

342 3899 470 3973 turam,
499 3895 752 3982 comprehendit
771 3901 915 3962 animam
941 3917 984 3960 ex
1010 3894 1103 3960 coelo
1125 3891 1326 3979 procedere,

345 3996 400 4055 cui
420 3995 571 4081 vigorem
590 4009 622 4065 et
640 3999 790 4066 coelestis
812 4003 906 4087 origo
927 3995 1057 4064 iurasse
1075 3993 1208 4060 radium
1226 3993 1326 4073 solis,
