2742 5182
302 421 371 512 68¹,

310 614 441 684 Munda
454 614 641 704 pedemque
653 612 727 684 velo
740 621 841 703 ceput-
853 617 886 680 et
900 615 997 680 tutrs,¹
1038 609 1303 700 ottramospos

311 716 545 803 lismagnificu
558 728 642 796 erut,
664 717 724 783 ubi
735 720 1007 806 promontorium
1028 713 1302 782 Cadistumdro-

312 819 365 884 die
382 819 533 908 Sputum
555 825 851 906 appropinquatum.
894 817 1027 884 Deinde
1041 815 1198 902 Cydonia
1212 839 1303 904 quae

310 919 411 988 hodie
424 917 609 1011 Actiones
628 923 860 984 mnoenissimo
878 917 1029 982 hubetur.
1070 917 1111 982 In
1131 939 1200 1004 qua
1219 917 1303 982 Me-

311 1022 427 1100 tellus,
449 1031 563 1084 contro
580 1020 714 1084 Cretam
730 1025 884 1096 veniens,
905 1023 1017 1105 primo
1032 1022 1070 1082 in
1087 1018 1221 1082 duobus
1238 1040 1305 1084 un-

311 1128 365 1186 nis
382 1126 517 1208 ignique
537 1119 627 1186 ferro
643 1120 787 1188 insulam
804 1131 907 1186 torem
923 1124 1052 1206 posuit,
1073 1128 1106 1184 et
1118 1118 1304 1183 vindictum

312 1222 392 1290 fecit
409 1221 452 1288 de
476 1221 594 1286 Mmco
614 1221 782 1298 Antonio,
806 1243 922 1307 quem,
944 1218 1138 1285 conflictum
1156 1224 1193 1282 in
1213 1224 1305 1282 mori

313 1347 341 1406 af
353 1323 507 1400 Creticis,
528 1321 657 1386 Romae
680 1321 881 1408 deportavit,
905 1331 946 1386 ut
967 1325 1012 1386 eit
1037 1320 1137 1386 Titum
1156 1320 1305 1388 Livius.

313 1457 356 1476 -
388 1422 447 1488 Ad
475 1423 675 1490 Rationum
704 1426 819 1514 venio,
849 1421 969 1488 deinde
997 1419 1308 1499 adeundarum,

315 1547 399 1618 quae
413 1524 515 1590 hodie
531 1521 681 1588 Cardia
699 1533 734 1586 et
745 1521 970 1609 metropolis,-
979 1532 1160 1609 postquam
1175 1520 1305 1616 Veneti

315 1649 390 1694 eom
413 1645 523 1692 emere
544 1633 578 1687 et
596 1623 707 1688 denuo
728 1621 816 1688 lianc
836 1622 1060 1688 aedificavere.
1101 1622 1161 1688 Ad
1173 1624 1307 1692 ‘Cher-

318 1747 486 1796 sonesum
500 1724 639 1789 devenio
656 1725 739 1790 olim
759 1723 824 1788 altu
841 1729 1064 1790 moeniorum.
1106 1723 1242 1798 Deinde
1258 1726 1306 1792 od

313 1827 619 1914 Holopixepolim
626 1871 638 1902 ,
657 1824 757 1890 hodie
772 1825 946 1890 Istrinom
959 1847 1135 1892 concurro.
1177 1825 1218 1890 In
1233 1849 1305 1914 qua

315 1926 393 2010 fons
407 1936 482 1990 octo
499 1926 774 1993 molendinorum
790 1931 938 2012 operitur
952 1938 999 2005 et,
1021 1932 1115 1992 iuxta
1128 1928 1309 2014 sequendo.

314 2049 419 2106 mare,
443 2027 566 2112 oppidu
576 2031 613 2090 in
627 2027 871 2093 summitatibus
884 2032 1050 2094 montium
1063 2027 1127 2091 atta
1140 2033 1306 2114 operiun-

314 2140 388 2209 tur;
418 2148 564 2214 quorum
592 2132 629 2192 in
649 2126 761 2190 medio
785 2127 1050 2214 Sarandopolis
1078 2132 1190 2192 civitas
1218 2127 1306 2192 olim

318 2228 501 2314 Gigantum
524 2236 610 2305 erut,
638 2249 744 2314 aquo
764 2227 889 2294 Sentio
910 2229 1054 2294 derivato
1073 2239 1132 2294 cst.
1172 2229 1213 2293 In
1233 2233 1306 2296 fine

316 2349 396 2395 vero
417 2326 546 2392 insulae
567 2327 610 2392 od
633 2332 795 2392 orientem
807 2329 959 2396 Salmon
983 2351 1082 2394 mons
1103 2330 1306 2418 propalatur

316 2433 471 2494 omnium
493 2428 672 2496 altissimus
695 2434 894 2496 vicinorum.
946 2428 1132 2515 Regredior
1152 2454 1233 2518 ergo
1259 2433 1305 2500 ud

316 2529 510 2605 occiduum,
537 2539 716 2616 postquem
735 2553 756 2595 a
777 2531 933 2596 Salmone
952 2528 1067 2595 monte
1092 2534 1306 2616 recedimus,

315 2640 364 2708 et,
387 2651 450 2716 per
467 2630 618 2696 medium
638 2631 766 2696 insulae
786 2653 942 2719 vergens,
965 2633 1007 2696 ed
1022 2632 1196 2698 Dirceum
1215 2657 1306 2722 pro-

315 2752 473 2819 peremus
494 2741 654 2796 montem.
702 2733 747 2798 Et
767 2737 804 2798 in
825 2739 1013 2798 summitate
1039 2731 1140 2806 huius
1161 2735 1304 2804 Lassici

314 2853 454 2919 campus
474 2829 601 2896 XVIII.
620 2837 658 2898 in
683 2839 742 2897 cir.
762 2839 837 2912 mi,
864 2838 901 2898 in
920 2839 1053 2920 pascuis
1065 2827 1304 2906 'fertilissimus

315 2933 466 3000 habetur.
508 2929 568 2996 Ad
584 2944 735 3023 austrum
751 2946 863 3002 autem
878 2935 989 3020 ampla
1002 2937 1175 3022 elongetur
1189 2939 1307 3026 plani-

316 3039 377 3119 ties
395 3033 581 3102 Messarea
597 3031 699 3112 dictu,
720 3039 756 3100 in
772 3057 838 3121 quo
854 3041 942 3099 circa
962 3037 1114 3104 medium
1131 3061 1204 3104 non
1220 3063 1309 3128 pur..

317 3153 359 3216 va
378 3137 514 3218 vestigio
535 3133 758 3218 amplissimae
776 3135 870 3200 urbis
891 3135 1097 3222 Gortynae,
1122 3139 1205 3226 olim
1226 3165 1307 3211 me..

316 3231 457 3318 tropolis
481 3244 650 3318 apparent.
700 3233 795 3316 Quae
815 3235 943 3302 Minois
969 3244 1057 3324 regis
1076 3243 1309 3328 ,principalior

318 3336 502 3410 exstiteret,
534 3344 566 3396 et
594 3345 756 3420 quantum
780 3348 894 3402 nostra
916 3338 1085 3408 Florentio
1110 3345 1147 3404 in
1172 3343 1307 3412 ambitu

317 3430 547 3498 manifestatur
567 3455 645 3498 oum
666 3456 741 3508 arce
762 3439 938 3524 magnifica
959 3451 993 3504 et
1010 3441 1178 3509 conductu
1195 3467 1309 3532 oqua-

316 3554 397 3614 rum
421 3533 708 3614 descendentium,
745 3559 830 3624 quae
851 3549 955 3606 totam
977 3541 1097 3609 deinde
1119 3548 1309 3631 irrigabant

316 3633 447 3708 urbem.
476 3633 516 3700 In
530 3658 595 3721 qua
611 3637 678 3705 duo
691 3639 733 3702 od
745 3639 823 3724 plus
835 3641 940 3706 millia
953 3641 1197 3724 columnarum,
1210 3669 1310 3714 mar.

316 3756 463 3820 morum-
475 3747 506 3800 et
525 3737 695 3804 idolorum
707 3751 872 3826 prostratu
893 3750 1095 3812 enumeravi.
1136 3743 1197 3812 Ad
1217 3756 1309 3816 trio-

316 3856 396 3910 nem
412 3847 523 3902 autem
538 3843 574 3900 in
585 3851 700 3906 monte
712 3861 775 3928 per
789 3843 932 3910 milliare
950 3867 1008 3910 ore
1030 3857 1165 3912 strenuo
1179 3847 1311 3940 Laby-

318 3937 549 4048 wihmunt
570 3945 679 4025 aiunt,
714 3949 913 4042 reperitur,
934 3952 971 4015 in
995 3965 1063 4038 quo
1086 3946 1309 4032 Minotomus
