2742 5182
983 445 1037 522 67

45 651 152 730 etque
168 637 324 726 colligere
338 637 524 721 ordinent,
545 631 798 706 edsui'leudem
811 633 903 710 nrum
916 644 1035 711 condi·
1059 719 1060 726 χ

47 744 98 808 dit
118 753 152 807 et
173 761 267 806 mora
284 745 441 820 instituit,
464 762 548 829 quse
561 740 716 806 Sannina
734 743 918 830 appellavit.
961 746 1036 812 Ve-

46 855 151 924 stem,
174 849 320 908 uxorem
342 863 455 934 sunm,
484 863 578 906 sacro
598 841 766 930 copulavit
788 845 974 927 connulno,
1002 849 1036 916 el

49 967 94 1010 ex
117 967 157 1010 ee
176 945 293 1032 plures
315 954 485 1030 susceptos
511 942 598 1008 filios
624 947 805 1028 scripsere,
835 961 920 1032 quos
942 953 1041 1016 siunt

49 1067 170 1110 omnes
192 1046 384 1123 devorasse,
404 1064 448 1108 ne
471 1065 549 1110 eum
568 1041 610 1107 de
630 1065 734 1128 regno
755 1046 975 1132 expellerent,
996 1055 1046 1119 nt'

47 1149 224 1211 invenerat
231 1175 249 1238 ,·
260 1157 293 1214 et
314 1145 443 1223 Iovem,
467 1157 634 1212 servetsun
654 1151 771 1210 uxoris
792 1142 926 1242 ffunde',
946 1141 1036 1220 clem

46 1253 86 1313 in
101 1248 240 1311 ldneum
252 1255 403 1310 montem
419 1246 637 1310 nutriendum
650 1247 756 1324 misit,
777 1257 810 1310 et
822 1247 954 1316 Curetis
969 1249 1040 1344 poe⁷

48 1349 142 1435 pulis
158 1346 409 1440 commendatus
427 1357 460 1410 et
472 1351 509 1411 in
522 1354 657 1410 antrum
669 1352 792 1411 montis
801 1343 876 1414 Idae
890 1351 1038 1440 delatus,

48 1451 146 1514 nied
160 1455 306 1536 reginem
319 1455 362 1512 ne
375 1446 559 1525 audiretur,
575 1447 729 1535 cymbala
741 1458 774 1510 et
785 1459 946 1536 tympana
957 1456 1042 1540 puis
1126 1499 1131 1516 ,

49 1551 186 1631 subant,
210 1561 243 1615 et
256 1549 298 1617 ed
312 1570 434 1614 sonum
450 1569 527 1636 opes
539 1548 640 1612 melle
653 1551 690 1611 in
705 1569 743 1613 os
757 1553 827 1611 eius
841 1549 1038 1634 inferebant

48 1659 70 1719 i.
82 1675 111 1718 e.
124 1657 272 1718 nutrices
294 1652 436 1716 delecte
456 1660 489 1713 et
508 1649 609 1712 melle
629 1671 708 1712 enm
728 1649 928 1716 nutriebant.
969 1654 1042 1720 Hic

48 1754 202 1831 tandem,
225 1775 304 1818 cum
326 1751 539 1828 adolevisset,
561 1745 689 1814 bellum
707 1749 824 1814 hebuit
843 1771 922 1818 cum
940 1753 1039 1820 Titu-

49 1861 123 1920 nis.¹
159 1853 241 1920 Inde
266 1864 396 1942 petrem
420 1873 525 1939 regno
547 1850 692 1938 expulit,
721 1857 799 1942 quie
824 1875 983 1935 severus,
1005 1867 1039 1922 et

51 1979 192 2022 curnem
216 1956 400 2021 humanam
425 1953 539 2018 docuit
558 1946 734 2016 immolare
763 1959 923 2020 ucetiam
948 1957 1039 2024 filios
1137 1997 1139 2004 ,

51 2063 224 2146 proprios.
272 2055 399 2142 Iupiter
423 2058 541 2140 igitur,
575 2073 619 2118 ex
640 2050 721 2138 fuga
746 2059 849 2140 petiis
881 2055 1042 2126 dominus

53 2155 412 2234 Cretensiuminctns,
435 2175 585 2221 sororem
606 2173 701 2218 suam
716 2152 882 2222 Iunonem
899 2164 936 2224 in
955 2183 1042 2227 cona

52 2264 169 2345 iugem
188 2263 328 2345 accepit,
350 2267 383 2320 et
402 2255 528 2342 gloriae
547 2253 736 2334 avidus,'in
756 2257 870 2322 multis
891 2259 974 2326 locis
995 2263 1040 2332 ud

52 2367 107 2426 sui
122 2381 250 2424 nomen
261 2357 385 2444 templa
401 2367 627 2421 construxere.
670 2357 766 2420 Licet
780 2358 895 2444 plures
912 2359 1039 2430 fuerint

53 2461 213 2549 Iupitros,
245 2470 358 2524 temen
377 2463 440 2522 istc
461 2455 628 2520 Cretensis
653 2464 762 2523 meior
781 2465 935 2528 omnium
957 2461 1039 2545 fuit,

54 2569 116 2654 qui
144 2561 251 2626 multe
275 2559 364 2626 bone
391 2569 423 2624 et
447 2557 541 2622 utilia
559 2555 725 2623 humanae
751 2565 835 2627 vitae
861 2563 1045 2631 adinvenit*

52 2665 197 2729 Mortuo
216 2679 312 2739 vero,
335 2681 458 2746 corpus
477 2664 570 2723 iuxte
591 2658 754 2745 oppidum
768 2657 958 2730 Arilatioe
972 2669 1044 2752 po-l

55 2785 169 2843 suere,
200 2767 350 2851 quamvis
373 2762 561 2826 dicatinin
588 2757 722 2824 coelum
748 2781 820 2824 esse
840 2762 1042 2832 deificatum
1157 2817 1160 2824 .

53 2865 106 2931 lbi
118 2887 208 2951 ergo,
224 2885 332 2950 prope
344 2870 495 2926 montem
506 2859 607 2927 hodie
622 2859 662 2924 de
679 2881 740 2924 suo
754 2867 890 2926 nomine
904 2863 1042 2944 dictum,-

54 2973 93 3032 iu
112 2965 282 3030 radicibus
308 2962 350 3028 nd
374 2967 536 3040 trionem,
558 2960 775 3028 Ptolomaeo
795 2963 1044 3031 demonstrante

53 3075 168 3146 vium,
189 3077 324 3132 mirum
345 3060 641 3149 munufactumque
659 3063 822 3143 elbutum,
843 3073 949 3151 pnrvo
965 3087 1043 3149 ore,

53 3169 136 3236 XL.
156 3175 195 3233 iu
213 3165 419 3252 longitudine
441 3173 472 3227 et
490 3158 550 3229 IV.
574 3168 611 3228 in
631 3163 803 3230 letimdine
826 3163 1043 3234 brachiorum

54 3273 261 3360 reperimus,
285 3270 380 3331 cuius
405 3271 441 3330 in
465 3269 571 3352 cupite
592 3265 810 3354 sepulchrum
824 3266 911 3334 lovis
931 3273 1044 3334 nexis

54 3377 122 3450 mi,
144 3392 207 3434 suc
221 3367 414 3456 epithaphio
430 3364 554 3444 deleto,
575 3371 808 3452 cognevimus,
832 3379 926 3434 exne
945 3377 1045 3450 vero,

55 3477 93 3537 in
108 3470 287 3559 superficie
299 3468 493 3556 speluncae,
516 3466 663 3532 aedificia
674 3473 823 3532 memma
836 3468 1045 3556 ampliabun-

56 3585 114 3639 tur
128 3572 328 3638 admodum
341 3569 467 3655 templi.
511 3567 722 3656 Cumiteque
735 3589 850 3634 versus
865 3570 1044 3634 australem
1092 3635 1094 3640 ,

55 3675 193 3764 plegem
209 3675 396 3758 vergimus,
423 3689 530 3757 prope
551 3681 644 3736 mere
665 3669 707 3732 ed
730 3673 891 3734 orientem
912 3668 1058 3734 Hiera-1

54 3777 155 3867 polis
172 3795 251 3838 cum
265 3771 456 3858 ingentibus
469 3792 678 3835 marmorum
692 3769 847 3834 aedificiis
863 3781 921 3835 esi.
963 3769 1048 3837 Ma·

57 3879 156 3942 salia
175 3895 255 3938 cum
268 3877 421 3936 mosaicis
441 3869 597 3936 aedificiis
613 3869 731 3949 finitis,
752 3870 960 3936 nobilissimo
971 3875 1046 3938 rui-

58 3993 192 4046 narum.
209 4019 212 4028 ·
233 3972 314 4060 Quo
330 3978 368 4050 in
382 3971 510 4064 templo
520 3977 647 4062 graecis
659 3961 1046 4144 litterisEseplpebenturt
