2764 5182
332 417 387 496 84

335 617 457 697 credo
475 609 632 720 s'aepins
647 639 782 693 verum
796 639 860 692 me
874 613 1032 711 vidisse,
1043 641 1164 718 quum
1181 642 1203 690 e
1218 613 1323 692 duo·

334 757 469 832 decies
504 753 593 830 libri
622 758 789 856 repetita
819 753 996 834 lectione
1023 752 1322 831 bondolmontii
1374 739 1375 818 l

331 891 545 968 barbarum
560 890 702 985 stylum
721 891 820 966 bene
839 895 929 983 satis
946 889 1194 991 perspiciam.
1248 891 1319 966 Sin

333 1046 466 1102 autem
484 1031 640 1126 saepius
659 1027 792 1128 lapsus
808 1053 915 1118 sum,
939 1031 1118 1128 ignoscat
1134 1024 1230 1097 mihi
1247 1024 1319 1099 be·
1374 1113 1375 1154 1

215 1226 220 1236 .
257 1215 259 1220 ,
332 1163 500 1240 nevolus
538 1162 677 1238 lector.
753 1164 892 1236 Varias
931 1162 1174 1237 diversorum
1207 1161 1320 1235 codi-

333 1325 426 1376 cum
448 1298 643 1374 lectiones
668 1279 805 1372 omnes
825 1297 1116 1396 diligentissime
1135 1295 1319 1390 exhibui,
1374 1355 1375 1376 n

330 1459 417 1509 non
442 1435 537 1536 quia
567 1436 665 1510 tanti
696 1453 846 1526 essent,
873 1459 952 1510 nec
976 1433 1061 1508 sine
1084 1457 1229 1532 magno
1257 1459 1320 1506 ra·

330 1587 555 1650 mentorum
586 1570 743 1666 taedio,
781 1571 854 1646 sed
894 1594 943 1646 ca
974 1572 1128 1644 ratione
1159 1567 1320 1664 ductus,

333 1703 446 1808 quod
467 1703 588 1778 editio
607 1731 695 1780 mea
715 1710 841 1806 prima
869 1723 947 1798 est,
973 1705 1190 1807 ultimaque
1212 1702 1321 1802 libri,

331 1854 377 1912 ut
400 1838 572 1932 videtur,
607 1845 678 1915 erit
701 1842 743 1914 in
760 1841 957 1933 futurum,
985 1867 1107 1941 quum
1130 1839 1232 1914 liber
1250 1843 1316 1917 do·

332 1973 450 2050 ctiori
473 2000 538 2050 me
563 1978 716 2051 editore
747 1975 961 2050 admodum
992 2001 1130 2050 revera
1165 1995 1225 2051 est
1257 1980 1315 2051 in-

332 2108 485 2210 dignus.
535 2114 586 2185 At
611 2113 792 2212 quidem,
818 2129 862 2183 ut
888 2114 1020 2185 omnia
1046 2112 1174 2187 dicam
1205 2117 1316 2213 inge·

329 2271 432 2337 nue,
467 2245 510 2319 in
532 2247 776 2322 conserendo
806 2244 904 2321 Cod.
918 2249 965 2321 B.
988 2245 1083 2319 inde
1108 2273 1131 2320 a
1156 2250 1315 2348 Cap.33

329 2381 597 2482 negligentior
621 2381 690 2456 lui.
743 2385 889 2478 'Quum
913 2385 956 2455 in
984 2385 1113 2482 patria
1139 2407 1316 2458 versarer

329 2519 456 2616 varias
477 2541 526 2592 ex
540 2521 628 2619 ipso
650 2518 854 2620 decerptas
871 2518 1064 2592 lectiones
1081 2543 1164 2594 non
1178 2516 1314 2613 habui,
1375 2531 1376 2538 ’

331 2677 456 2752 quum
486 2657 528 2725 in
554 2629 681 2754 prima
709 2681 800 2729 mea
819 2653 975 2729 Parisiis
1004 2660 1314 2746 commoratione

330 2810 421 2865 enm
460 2791 640 2864 conferre
672 2809 838 2892 propter
873 2792 1062 2890 temporis
1097 2797 1315 2890 angustiam

326 2947 413 3037 non
433 2927 655 3024 potuerim3
681 2945 842 3002 otnunc
860 2951 922 3000 res
939 2950 1023 2999 non
1037 2925 1138 2998 tanti
1153 2925 1315 3004 videba-

326 3073 404 3130 tur.
467 3059 676 3136 Lectiones
709 3085 806 3162 quas
838 3062 930 3136 dedi
961 3064 1086 3139 varias
1113 3059 1315 3156 sufficiant

327 3191 468 3266 critico
489 3190 642 3270 lectori.

528 3513 559 3562 a.
589 3495 652 3564 De
677 3367 825 3567 roridos
854 3503 1122 3570 annotationis·

399 3665 562 3743 Praeter
585 3673 710 3745 varias
733 3657 948 3768 lectiones,
977 3675 1028 3750 de
1052 3668 1200 3776 ‘quibus
1228 3699 1314 3748 mo·

322 3797 378 3876 'do
400 3801 500 3896 dixi,
527 3808 568 3878 in
585 3809 906 3888 annotationibus
922 3811 1051 3887 verba
1065 3807 1175 3890 volui
1192 3813 1315 3887 inter·

322 3939 489 4040 pretori,
518 3957 560 4018 et
581 3968 647 4020 res
665 3939 769 4021 libri.
