2742 5182
993 419 1046 497 05

51 611 236 690 Heieuam,
247 608 399 678 Menelai
413 623 567 690 uxorem,
582 633 655 680 uon
668 615 804 680 inuttsrn
817 617 937 702 rapuit,
956 635 1042 702 quae

54 715 98 780 ad
121 715 214 778 diem
232 711 372 791 festina,
398 717 491 779 iuxta
508 737 601 780 mare
617 719 719 780 situm
735 715 916 808 templum,
942 714 1042 786 hodie

55 819 250 900 cognitum,
271 825 415 880 venerat.
458 812 543 892 Ubi,
566 835 646 880 cum
667 815 748 884 aiter
764 815 905 883 alterum
925 837 1043 904 respea

54 924 179 993 risset,
199 914 513 1002 utriusqueforma,
535 937 672 1000 operam
686 915 774 980 dedit
785 922 934 1003 rapinae..
974 916 1043 997 Qui

55 1041 138 1082 cum
156 1016 397 1104 operamffaeto
414 1015 596 1093 dedissent,
615 1021 803 1082 maximum
819 1019 1042 1105 deniqueexe

55 1119 187 1182 sidium
203 1126 419 1184 consecutum
439 1126 504 1181 est:
536 1137 555 1178 a
574 1138 642 1202 qua
661 1122 778 1203 rapina
798 1141 914 1186 omues
933 1119 1042 1192 Grae,

54 1242 180 1284 corum
203 1221 372 1303 principes
397 1222 434 1281 iu
459 1215 697 1283 desolationem
719 1219 842 1284 Troiae
866 1225 1042 1292 unanimes

53 1319 214 1386 fecerunt
228 1321 482 1382 concretiones.
525 1315 680 1403 Cumque
694 1318 787 1401 illam
804 1317 928 1388 frustra
945 1343 1043 1409 saepe

53 1426 277 1507 repetissent,
296 1417 362 1482 sub
381 1417 503 1482 ducatu
518 1415 803 1502 Agamemonis,
825 1425 1044 1510 cumjngen.

51 1528 79 1585 ti
96 1526 266 1598 exerdtu,
288 1527 367 1605 post
380 1518 579 1584 decennium
597 1516 698 1585 Ilium
719 1532 895 1606 ceperunt,
917 1534 951 1589 et
964 1523 1043 1591 Me-

53 1622 157 1686 nelao
171 1620 305 1684 Helena
316 1623 467 1686 restituta
479 1629 545 1697 est,
567 1639 648 1686 cum
660 1639 726 1706 qua
741 1626 839 1708 ipse,
851 1631 1044 1711 tempestate

54 1726 163 1789 maris
185 1726 422 1796 circumactus,
444 1723 556 1804 primo
574 1723 612 1781 in
623 1716 821 1814 Aegyptum
837 1723 963 1788 delatus
978 1737 1043 1805 est,

53 1823 138 1888 inde
165 1827 203 1886 iu
223 1821 489 1888 Lacedaemonia
519 1830 598 1882 sunt
619 1825 755 1893 reversi.
814 1822 941 1888 Circuit
963 1848 1044 1912 ergo

55 1923 139 1990 LX.
157 1945 204 1987 m.
247 1921 286 1986 In
301 1944 369 2011 qua
379 1923 478 2009 pauci
491 1918 659 2001 habitant3
680 1931 712 1984 et
730 1926 945 1989 circumcirca
966 1947 1044 1990 sco-

56 2023 136 2110 puli
166 2023 321 2088 videntur
350 2044 428 2089 cum
459 2025 685 2088 recentissima
713 2045 799 2111 aqua
826 2025 1046 2115 scopulorum

57 2123 323 2206 Dracanan'as
340 2123 454 2193 dictae.
477 2149 492 2174 ··
994 2127 996 2130 ’

520 2469 579 2542 10.

56 2603 188 2713 Breve
211 2641 331 2709 debinc
353 2646 499 2731 spatium
521 2663 629 2731 usque
648 2643 828 2714 Sicbilum
849 2665 1047 2716 enumerare

59 2765 259 2831 possumus,
282 2755 314 2809 et
327 2743 373 2808 X.
386 2748 444 2808 mi.
458 2747 517 2808 eir.
559 2743 600 2808 In
614 2759 680 2832 qua
694 2746 857 2833 oppidum
872 2749 953 2814 olim
966 2761 1046 2832 erat,

58 2867 151 2910 mmo
167 2865 258 2923 vero,
279 2865 358 2909 cum
372 2845 413 2910 ab
429 2843 613 2930 agrestibus
627 2851 669 2909 sit
684 2867 838 2932 possessa
851 2853 966 2928 asirris,
982 2871 1046 2916 ne÷

51 2960 117 3012 'mo
133 2944 311 3010 hominum
327 2949 363 3008 in
376 2966 417 3010 ea
432 2945 566 3020 habitat,
608 2946 732 3036 Itaque,
754 2951 782 3008 si
800 2967 902 3032 supra
915 2955 1046 3018 corium

59 3051 145 3110 asini
160 3052 280 3130 agresti
294 3047 455 3127 dormies,
478 3049 654 3131 daemones
670 3069 741 3111 non
752 3047 894 3126 thaebis,
917 3052 1047 3136 epilen-
1127 3076 1132 3084 ·

58 3153 165 3212 ticum
188 3145 333 3228 curabit,
355 3153 384 3211 si
405 3149 445 3212 de
469 3154 563 3214 corio
581 3146 709 3214 frontis·
726 3169 829 3232 super
852 3171 888 3214 se
905 3152 1046 3234 tenebit,

59 3248 115 3314 vel
146 3247 187 3312 de
214 3247 349 3333 ungula,
372 3271 447 3314 arsa
475 3247 582 3326 bibet,
601 3249 670 3313 ¹vel
697 3249 861 3316 annuum
876 3252 1048 3339 ·p01tabit·;

58 3355 160 3414 etiam
183 3347 399 3434 fumigatione
420 3349 462 3413 de
485 3371 524 3415 ea
542 3347 628 3416 facta
648 3357 889 3438 parturientem
910 3352 1046 3438 liberm

58 3457 89 3514 si
115 3451 160 3514 de'
179 3471 296 3514 rasura
317 3459 430 3536 petrae
454 3457 569 3538 capitis
591 3450 821 3516 vel-maxillae
845 3449 1047 3524 febricitanti

59 3551 104 3616 ad
123 3549 311 3616 bibendum
331 3549 522 3637 praebebis,
552 3550 639 3618 liber
666 3555 746 3632 e1it3
775 3555 802 3616 si
824 3551 865 3616 de
886 3561 1047 3640 sauguine

59 3639 230 3716 auriculae
243 3649 338 3714 bibes
353 3651 406 3714 vel
419 3663 630 3738 unguentum
642 3649 754 3729 facies,
763 3672 843 3716 cum
860 3669 1046 3722 succeser-

57 3756 230 3843 pen'tariae
246 3762 279 3816 et
292 3751 367 3816 oleo
381 3771 495 3833 rosae,
517 3765 551 3818 et
564 3775 653 3839 unge
669 3768 767 3818 ‘renes
789 3765 865 3819 ante
884 3761 1047 3824 accessio-

59 3864 140 3918 nem
154 3863 356 3940 quartanae,
379 3875 479 3918 sanus
502 3855 700 3920 remanebis·
743 3853 1048 3944 Solventurxmem-

26 3943 28 3948 ¹
58 3953 122 4024 bra
145 3963 315 4023 contracta
343 3958 428 4042 sicci·
442 3953 611 4042 tumoris,
641 3959 671 4024 si
692 3954 909 4024 cumbrodio
931 3970 1052 4032 sarius
1118 3985 1122 3994 ·
