2742 5182
1008 423 1059 500 71

64 615 89 679 i.
107 632 138 678 e.
161 629 222 678 aue
243 607 470 678 consolatione
492 609 534 678 ad
561 609 716 680 eoelestia
743 610 900 701 dirigens.
956 611 1058 698 Quod

65 714 188 779 vultur
204 735 264 778 aen
277 713 387 801 aquila
401 718 495 778 iecur
507 713 672 792 corrodat,
681 713 767 780 nihil
782 716 872 782 aliud
886 728 935 784 eet
947 721 1058 806 quam,

64 819 135 878 viri
155 814 324 880 studentes
347 819 511 882 exteriora
528 814 682 882 inficiunt
704 826 737 882 et
757 821 916 885 interiore
931 841 1059 886 oonsu-

65 925 182 980 munt.
204 945 247 962 -
493 960 499 986 a

154 1014 305 1082 Fuerunt
332 1035 411 1101 ergo
435 1013 491 1082 hio
513 1013 637 1103 oppida
658 1025 801 1102 septem,
825 1037 972 1104 quorum
993 1025 1056 1088 tn'a

64 1114 172 1182 hodie
184 1121 272 1182 inter
287 1127 418 1182 montes
431 1117 606 1184 habentur.
628 1117 724 1196 Quae
739 1122 856 1182 cirouit
867 1117 984 1186 LXX.
997 1126 1056 1190 mi,

64 1217 112 1284 Et
135 1217 364 1283 adorientem
388 1217 557 1306 Olympos
577 1223 689 1284 civitas
715 1230 820 1284 exstat
847 1241 926 1284 cum
953 1233 1056 1306 portu

71 1319 336 1408 Tristomosque
350 1319 489 1406 scopulo
504 1320 621 1385 Sario-
656 1317 715 1384 Ad
729 1319 909 1386 occiduum
923 1324 960 1386 in
971 1343 1056 1408 por·

65 1430 106 1486 tu
125 1420 301 1486 Tbeacros
315 1420 381 1485 duo
396 1429 490 1484 erant
502 1421 625 1508 oppida
639 1424 675 1484 in
690 1423 864 1497 acrotiri,
885 1424 907 1484 i.
917 1442 944 1486 o.
958 1444 1054 1509 pun·

66 1539 130 1593 ea,
171 1522 323 1588 videlicet
357 1522 521 1590 macno
556 1532 589 1588 et
612 1520 840 1592 Arcbassas,
876 1519 936 1586 ubi
962 1543 1054 1588 nanae

66 1623 228 1688 Sanctus
245 1621 453 1688 Theodorus
468 1622 712 1688 denominatur.
758 1623 804 1686 Et
820 1627 858 1686 in
873 1631 1055 1709 oonapeotu

72 1729 182 1790 Caeso
212 1724 323 1788 insula
346 1735 411 1802 est,
452 1725 671 1810 Venetosque
705 1723 860 1789 Coroebi
889 1723 1054 1809 oppidum

64 1845 175 1912 prope
187 1836 337 1890 montem
354 1823 503 1890 Gomoli
517 1835 677 1911 apparent
688 1829 726 1890 in
742 1824 819 1888 olto.
850 1822 897 1888 Et
912 1823 955 1888 ad
968 1830 1054 1888 tn'o-

64 1947 147 1989 nem
168 1947 248 1992 vero
271 1931 365 1991 inante
389 1947 482 1990 mere
508 1926 590 1990 olim
610 1928 738 1992 Fianci
759 1929 872 1989 civitas
898 1923 1053 2011 ampliate

66 2037 156 2104 erat,
181 2027 240 2092 ubi
259 2027 459 2112 nonlonge‚
481 2032 575 2114 quasi
594 2031 630 2090 in
652 2027 763 2090 medio
784 2025 930 2102 insulae,
952 2047 1052 2092 mone

63 2126 328 2196 Anaobimara
348 2139 381 2192 et
403 2125 494 2190 Oros
514 2136 547 2190 et
559 2125 689 2194 Sancti
705 2127 815 2192 Eiiae
836 2123 1054 2192 manifestan-

65 2240 123 2294 tur
143 2229 279 2316 ubique.
323 2227 382 2293 Ad
402 2231 547 2293 inionem
569 2249 649 2294 vero
670 2229 791 2315 planus
814 2239 935 2306 exstat,
956 2231 1053 2294 cuiue

65 2335 224 2417 incapite
236 2339 354 2417 portus
371 2326 527 2416 Agatha
544 2331 738 2417 ampliatam
758 2351 821 2416 per
839 2339 943 2396 totam
956 2327 1052 2394 deni-¹

65 2454 134 2519 que
146 2442 307 2518 tanquam
318 2430 409 2496 bruti
421 2428 602 2510 habentur,
625 2435 693 2520 qui,
714 2429 902 2494 laborantes
916 2434 953 2494 in
966 2432 1052 2514 pice,

65 2556 147 2598 oum
161 2531 245 2596 laete
261 2540 496 2597 sustentantur.
526 2530 625 2597 Unde
642 2531 747 2598 semel
761 2529 910 2596 infideles
925 2534 962 2594 in
981 2550 1051 2596 oum

64 2637 253 2710 venientes,
281 2641 315 2697 et
340 2631 427 2699 clem
447 2635 484 2696 in
502 2642 601 2696 noete
625 2654 689 2720 per
715 2632 861 2696 insulam
883 2630 1051 2698 lucratum

68 2734 152 2798 dum
166 2739 269 2811 irent,
292 2730 451 2820 Cupadn
471 2753 550 2818 ergo
567 2733 756 2816 vigilantes,
780 2753 881 2817 super
897 2751 954 2794 eos
970 2733 1050 2794 viri-

65 2835 145 2900 liter
157 2833 319 2898 biremem
334 2833 523 2898 incendere.
564 2831 618 2900 Illi
632 2830 903 2909 vero‘redeuntea
923 2832 1051 2894 contri-

66 2939 144 3004 stau
161 2938 280 3010 nimis,
306 2933 442 3000 dimiam
460 2931 599 3022 praeda,
619 2937 658 2998 in
676 2931 847 2998 montibua
869 2929 1050 3019 plusquam

67 3047 204 3102 centum
220 3033 310 3102 fame
326 3039 469 3124 periere.

532 3374 594 3449 1e.

67 3519 247 3625 Devenio
266 3557 369 3642 igitur
387 3549 430 3617 ad
442 3553 707 3640 antiquiaabnun
715 3547 952 3617 Rhodiarum
966 3547 1050 3612 eivi-
1104 3609 1111 3619 ,

68 3671 186 3737 tatem,
209 3679 293 3744 qnae
306 3653 554 3741 receptaculum
567 3652 783 3716 dominorum
796 3654 938 3716 minoris
945 3645 1049 3712 Asiae

70 3771 104 3826 et
117 3759 199 3826 olim
214 3757 389 3834 Graeoiae,
411 3775 496 3843 qnae
508 3773 600 3818 nuno
616 3751 782 3828 Tumida,
804 3749 884 3827 fun,
906 3758 938 3814 et
956 3769 1048 3813 mer-

69 3872 287 3948 catorumque
305 3862 578 3946 peregrinorum,
599 3875 642 3920 ex
657 3852 813 3918 omnibus
831 3849 950 3915 mundi
968 3869 1049 3935 par·

70 3963 158 4032 tibur
186 3960 255 4028 bue
281 3962 494 4028 venientium.
536 3954 671 4024 Dieinu
692 3973 772 4042 ergo
797 3949 890 4019 rodo
913 3969 1049 4040 graece,
