2738 5184
305 394 377 468 teo

231 653 235 660 .
276 619 282 632 ’
302 602 362 682 lia,
383 600 469 686 patri
482 594 632 680 pepercit
645 589 732 653 olam
747 591 879 676 ceteris,
905 611 990 675 quae
1002 596 1119 678 regino
1132 617 1153 665 a
1168 596 1290 664 mulie.

234 691 237 698 ’
302 703 396 770 ribus
413 697 570 762 faetaeet
612 689 839 776 Argonautae,
864 686 1033 756 Chalc-hos
1049 686 1177 776 euntes,
1204 697 1288 768 hane

302 808 496 873 invaserunt
507 793 667 867 insulam,
689 813 834 877 quorum
847 796 1003 879 princeps
1017 793 1116 861 Iason
1130 821 1211 865 cum
1223 803 1287 868 Hi.

303 905 423 995 siphile
447 896 644 971 concubuit,
682 905 714 956 et
734 891 955 978 Oeneumque
981 895 1174 966 Thoantem
1200 905 1286 973 filios

300 1007 499 1099 procreavit.
550 996 619 1062 Ubi
649 1007 761 1059 autem
784 995 942 1060 mulieres
966 998 1171 1070 Lemniades
1192 1006 1288 1072 Hisi·

302 1108 443 1201 phylen]
459 1121 606 1168 servasse
619 1107 748 1185 patrem
761 1105 984 1184 comperiere,
1007 1125 1082 1168 eam
1100 1109 1288 1176 interficere

302 1207 491 1280 voluerunt.
534 1201 595 1266 Illa
607 1223 687 1266 voro
701 1199 833 1285 fugiens
848 1223 867 1263 a
880 1203 1105 1286 praedonibus
1122 1223 1235 1296 capta,
1259 1225 1288 1279 et

304 1313 485 1400 Lycurgo,
516 1310 588 1389 regi
611 1302 789 1388 Argolico,
820 1307 858 1365 in
883 1310 1048 1372 nut1icem
1072 1311 1208 1377 vendita
1232 1329 1290 1382 est.

302 1414 357 1482 Ex
371 1411 434 1476 hac
449 1415 546 1473 etiam
562 1405 672 1468 insula
685 1403 797 1468 Mimii
811 1414 985 1470 traxerunt
1001 1407 1177 1495 originem,
1200 1419 1288 1482 unde

304 1513 490 1598 aPelasgis
515 1508 663 1596 expulsi,
691 1505 900 1592 aSpartarris
923 1517 1047 1597 recepti
1072 1527 1160 1580 sunt.
1205 1519 1288 1602 Qui,

220 1671 223 1681 Ι
303 1639 383 1681 eum
396 1618 577 1700 imperium
598 1613 734 1672 civitatis
750 1629 914 1695 usurpare
929 1623 1106 1696 tentarent,
1127 1622 1164 1684 in
1177 1644 1288 1689 carce·
1364 1641 1365 1646 ’

292 1717 398 1784 'ribus
417 1720 512 1780 missi
534 1725 565 1777 et
585 1711 787 1796 aSpartanis
810 1710 852 1775 ad
872 1724 1016 1779 mortem
1035 1717 1182 1784 damnati
1202 1737 1287 1792 snut

302 1818 381 1884 Viri
401 1839 496 1903 erge,
519 1819 653 1880 mutatis
670 1813 815 1876 vestibus
836 1833 985 1879 uxorum
1004 1822 1041 1882 in
1062 1841 1214 1902 carcere,
1235 1833 1287 1891 in·

303 1910 431 1986 clinati's
445 1921 604 2001 tectisque
619 1913 784 1998 capitibus
802 1919 837 1977 in
854 1921 988 2001 signam
1008 1919 1212 2005 calamitatis,
1234 1951 1287 1992 re·

302 2021 387 2090 lictis
404 2015 586 2092 uxoribus,
609 2037 626 2079 e
642 2015 830 2079 carceribus
846 2031 1030 2084 evaserunt.
1074 2023 1143 2088 Hic
1161 2027 1285 2110 Thoas,

302 2123 392 2191 filius
408 2117 541 2196 Bacchi,
563 2139 625 2180 rex
641 2114 715 2180 fuit.
760 2116 854 2198 Quae
868 2119 1152 2192 abundantissima
1165 2135 1201 2195 in
1215 2128 1287 2198 fru-
1364 2173 1365 2186 κ

298 2234 416 2294 mento
429 2219 580 2286 habetur.

766 2521 829 2592 67.
884 2573 888 2580 .

312 2626 458 2732 [sersus
478 2669 624 2729 trionem
638 2662 817 2730 Emborus
833 2672 882 2728 est
896 2687 1030 2752 graece,
1053 2673 1145 2760 quod
1162 2655 1288 2743 alaim

301 2765 404 2834 latine
420 2777 532 2846 sonat3
554 2771 591 2860 in
605 2755 740 2850 Aegaeo
758 2772 819 2829 sita
831 2775 917 2832 mari
932 2781 964 2833 et
976 2784 1157 2842 montuosa
1172 2783 1289 2862 nimis;

304 2873 404 2958 pauci
418 2865 583 2932 habentur
597 2871 631 2929 in
646 2888 701 2946 ea3
719 2889 802 2952 quae
813 2865 932 2933 XXX.
944 2876 1066 2938 ciumi.
1075 2885 1107 2938 et
1119 2882 1156 2939 in
1166 2893 1289 2965 puncta
1314 2919 1316 2926 ⁴

303 2967 516 3054 Hellesponti
530 2973 598 3031 oris
611 2979 816 3054 prospectat,
838 2967 897 3034 ubi
916 2973 1014 3038 etiam
1033 2979 1146 3042 civitas
1163 2987 1290 3068 imper,

302 3067 390 3139 fecta
409 3067 450 3132 ab
469 3066 675 3154 Agortauis
697 3081 834 3156 apparet
852 3076 999 3160 incepta,
1021 3087 1053 3142 et
1076 3079 1189 3147 insula
1209 3079 1291 3149 haec
1364 3121 1365 3168 t

299 3169 347 3248 ab
365 3173 507 3264 imperio
522 3169 682 3236 Graeciae
697 3192 853 3258 possessa
872 3183 931 3240 est.

696 3336 905 3360 'duna—.-

767 3487 832 3560 68.

303 3585 441 3702 .Restat
453 3647 544 3708 nuno
557 3637 595 3690 ut
611 3626 651 3692 de
666 3625 894 3696 Mandrachi
907 3631 1017 3720 aliqua
1029 3632 1192 3718 dicamus,
1208 3663 1292 3732 quae

307 3734 482 3800 clausura
493 3729 672 3816 pecudum
688 3730 1012 3812 latinenominatur,
1036 3747 1068 3800 et
1078 3735 1226 3807 habitata
1239 3763 1292 3808 sa-

305 3839 366 3914 tis,
388 3838 425 3897 in
444 3830 640 3918 culturaque
659 3837 696 3895 in
711 3832 810 3897 melle
829 3845 863 3900 et
883 3839 919 3901 iu
934 3842 1023 3924 aegis
1042 3837 1220 3926 splendida
1233 3842 1293 3930 ira.
