2738 5184
945 437 1018 512 131
1116 547 1120 566 ι

30 637 81 723 dit
103 647 136 701 et
163 655 241 698 carm
269 617 445 721 rapacibus
474 629 609 720 tragulis
642 627 760 696 oculos·
781 629 899 695 evulsit
924 629 1019 696 duos.

31 740 94 803 Ille
115 735 285 802 infinitum
304 733 419 800 dolens
434 741 466 797 et
479 732 594 796 Deum
613 729 802 796 affectanter
821 753 957 816 rogans,
978 730 1020 796 ad
1044 809 1048 814 Ι

30 863 114 905 eum
136 835 264 900 Helias'
281 840 386 913 venit,
412 833 568 897 omnibus
594 831 782 896 videntibus
812 837 927 910 sociis,
946 819 1021 928 'qui

32 939 152 1003 oculos
172 939 369 1000 restauravit
393 956 481 998 suos.
501 967 544 980 -
586 929 680 995 Haec
701 931 797 996 litera
814 933 918 998 rubea
940 955 1020 1006 conf

29 1050 107 1104 tum
123 1044 289 1127 importat.

424 1175 637 1196 ῌ

493 1326 559 1400 77.

33 1431 282 1556 Consequitur
297 1467 452 1556 Schyros
463 1470 583 1550 insula,
599 1489 683 1557 quae
695 1468 795 1565 longa
805 1469 845 1536 de
857 1475 965 1538 trione
977 1471 1020 1538 ad

27 1571 210 1636 meridiem
223 1576 259 1634 in
271 1568 408 1656 Aegaeo
426 1577 510 1636 mari
530 1571 682 1636 LXXX.
696 1575 754 1635 cir.
766 1575 839 1650 nri„
859 1582 1020 1658 portuosa
1040 1621 1042 1624 -

27 1677 134 1736 nimis
150 1671 414 1758 etPegasseum
428 1678 592 1758 prospicit
606 1677 736 1752 sinum,
759 1693 843 1758 quae
858 1693 1020 1738 nemoro-
1133 1711 1143 1718 -

30 1795 70 1836 sa
87 1776 165 1836 satis
184 1782 216 1836 et
235 1774 272 1835 in
289 1770 461 1836 montibus
477 1783 555 1838 tota.
599 1773 711 1852 Tetis‚
732 1771 877 1837 Achillis
897 1783 1019 1852 mater,

31 1871 207 1958 Carpathii
220 1876 299 1937 vatis
314 1877 468 1938 vaticinio
482 1879 625 1953 monita,
646 1879 836 1959 periturum
851 1873 970 1953 filium,
991 1877 1020 1939 si
1064 1855 1072 1882 l

29 1973 74 2036 ad
87 1973 217 2036 bellum
231 1977 294 2036 iret
308 1972 512 2051 Troianum,
533 1979 647 2061 ipsum
659 1971 831 2036 Achillem
846 1977 883 2037 in
901 1973 1019 2042 habitu
1119 2039 1122 2046 ,

29 2061 181 2139 femineo
205 2078 241 2136 in
260 2071 322 2137 hac
341 2073 451 2138 insula
473 2075 562 2161 apud
581 2073 800 2156 Licomedem
822 2095 936 2159 regem
959 2075 1020 2140 ab·

32 2173 181 2253 scondit,
206 2171 327 2258 hicque
344 2172 455 2238 solum
474 2175 698 2252 aDeidamia,
719 2179 806 2260 regis
825 2173 911 2253 filia,
933 2174 1019 2240 dite-

30 2288 107 2340 ctus
124 2285 158 2338 et
171 2279 322 2360 cognitus
337 2285 402 2353 est,
423 2286 456 2338 et
469 2298 542 2341 earn
554 2297 625 2338 non
640 2279 778 2339 invitam
791 2274 878 2342 clam
891 2281 1020 2355 sorori:
1038 2355 1041 2370 ι

31 2377 99 2442 bus
115 2377 189 2442 aliis
204 2380 385 2464 oppressit,
407 2386 440 2440 et
457 2398 499 2442 ex
511 2397 550 2443 ea
562 2374 672 2442 fitium
684 2374 810 2444 habuit.

140 2527 298 2594 Statius.-

75 2664 90 2730 ‘,
91 2701 102 2728 ,
109 2655 261 2713 Protinus
277 2651 466 2734 aggreditur
478 2674 583 2735 regem
598 2664 693 2734 atque
708 2651 754 2714 ibi
769 2651 902 2713 testibus
915 2659 987 2714 aria

77 2759 179 2816 Hanc
202 2753 262 2814 titt
270 2797 281 2826 ,
302 2757 371 2826 ait,
392 2757 494 2814 nostri
513 2775 719 2836 germanam,
739 2766 857 2826 rector,
877 2755 1022 2824 Achillia

77 2853 211 2936 (Nonne
224 2855 312 2915 videa
329 2867 365 2914 ut
380 2867 470 2914 torva
481 2877 601 2938 genas,
622 2853 848 2936 aequandaque
854 2855 977 2937 fratri)

90 2958 262 3018 tradimus
269 3000 280 3029 ,
299 2979 391 3016 arma
407 2958 565 3031 humeris,
584 2977 753 3040 arcumque
768 2961 907 3018 ominosa

78 3057 235 3136 Petebat,
256 3055 342 3123 eta‘l
373 3141 379 3153 Ι

33 3211 83 3278 Et
97 3211 177 3296 quia
192 3217 480 3294 nemorosa·atque
497 3229 623 3296 aspera,
645 3217 695 3272 tot
706 3218 738 3270 et
751 3216 842 3272 tanta
856 3217 934 3271 sunt
947 3213 1022 3274 ani-¹

34 3309 143 3378 matta
153 3308 337 3374 multarum
351 3314 576 3374 maneriorum
590 3310 766 3386 silvestria,
788 3308 879 3396 quod
895 3321 945 3384 est
955 3316 1023 3376 mi-

32 3432 139 3490 rum,
162 3412 241 3495 quia
253 3429 359 3494 pauca
373 3419 450 3486 sunt
462 3408 678 3488 habitatores,
699 3421 732 3472 et
745 3414 934 3474 incircuitu
947 3435 1023 3478 ma-

35 3535 108 3600 gna
134 3514 309 3588 consistit,
328 3520 524 3597 eapropter
543 3511 652 3576 Turci
673 3531 748 3576 eam
770 3531 869 3595 saepe
890 3517 1024 3576 visitant

37 3619 115 3677 sine
143 3609 364 3676 habitantium
387 3615 517 3682 timore.
558 3611 599 3676 In
620 3633 686 3699 qua
705 3610 764 3676 lV.
785 3621 879 3676 erant
898 3611 1023 3695 oppida

36 3713 204 3789 habitata,
227 3721 259 3776 et
272 3733 363 3794 nurse
378 3710 595 3778 duorestant.
637 3712 755 3778 Ruboa
774 3712 869 3778 litera
888 3720 1023 3776 centum
1123 3795 1127 3804 .

37 3821 212 3900 importat.

759 3937 900 4061 ,ιε’
