2742 5182
986 401 1039 498 ee

65 615 216 678 minatur.
257 605 298 674 Iu
318 611 514 688 vinolvero,
543 607 658 692 blado,
686 615 857 700 sericoque
879 612 1034 680 eemibui

64 716 141 778 bene
155 711 302 779 habetur.
345 711 385 776 lu
403 735 468 799 qua
483 711 586 787 semel
599 733 706 800 prope
725 717 887 780 civitatem
901 721 937 780 in
950 737 1035 803 por·-

61 827 94 878 tu
108 813 207 876 Turci
229 809 315 877 forte
338 823 633 899 pernoctaverunt,
665 824 697 878 et
718 813 819 890 duae,
847 821 884 880 in
904 825 1036 903 tempe-

62 925 134 978 state
152 917 254 978 noctis
280 913 446 989 eiusdem,
473 913 642 998 galearmn
662 913 873 980 Cretensium
900 917 1037 982 adsunt<

60 1015 129 1093 Quo
142 1035 236 1078 mane
252 1010 340 1078 seete
354 1013 544 1090 Christiani,
562 1014 718 1078 audacter
730 1020 895 1106 irruentes
912 1021 1031 1096 ineos,

60 1115 96 1180 etl
114 1112 235 1178 ulferes
251 1135 366 1180 omnes
381 1114 588 1178 mandavere.

502 1460 566 1532 27.

56 1597 168 1704 Nune
182 1636 223 1704 ad
246 1642 351 1702 Ceam
367 1621 517 1717 transe03
541 1655 561 1700 a
580 1637 648 1700 Ceo
665 1638 768 1698 titano
784 1642 817 1698 et
830 1643 937 1698 terrae
956 1631 1028 1698 filio

56 1744 219 1802 nominata.
263 1736 432 1816 Quicum
456 1739 623 1800 extruniae
648 1734 827 1798 ferocitatis
851 1743 948 1822 etque
969 1757 1028 1800 su-

56 1839 176 1922 perbiae
194 1843 364 1916 existeret,
386 1841 458 1922 ipse
475 1834 725 1900 cumfratribus
741 1840 809 1898 suis
825 1857 893 1898 una
912 1845 1036 1901 contra'

54 1935 154 2002 Iovem
168 1946 432 2002 insurrexerunt
470 1935 624 2023 Cumque
639 1948 789 2024 tempore
802 1937 909 2001 multo
923 1956 1027 2022 proe-

54 2035 128 2102 lium
145 2044 288 2103 invicem
308 2043 466 2116 extiterit,
489 2041 526 2099 in.
538 2035 605 2100 fine
626 2037 746 2101 adicio
760 2035 838 2100 Iove
856 2047 951 2102 extra
970 2040 1026 2100 in-

54 2137 150 2204 sulam
164 2138 284 2202 Cretae
300 2150 379 2204 sunt
399 2137 550 2226 expulsi,
572 2149 605 2206 et
618 2137 698 2204 hinc
718 2137 797 2202 inde
815 2136 1024 2203 facultatibus

54 2235 202 2302 diminuti.
250 2239 301 2306 Ea
314 2251 454 2327 propter
466 2246 528 2304 iste
544 2239 650 2319 Ceus,
671 2244 778 2302 maior
794 2259 934 2302 suonun
953 2233 1025 2300 fra-

53 2347 148 2416 trum,
168 2339 209 2404 ad
223 2339 312 2404 hane
326 2339 457 2404 devenit
475 2339 636 2418 insulem,
658 2344 694 2402 in
709 2361 775 2426 qua
790 2337 956 2402 Latonam
973 2347 1024 2400 at-

53 2459 108 2524 que
120 2435 292 2520 Asteram,
313 2444 458 2526 virgines
476 2435 719 2529 pulcherrimas
735 2443 867 2524 genuit,
890 2437 929 2502 de
947 2423 1024 2524 qui2

52 2536 105 2602 bus
118 2540 219 2607 multa
231 2539 374 2606 dicenda
388 2546 514 2606 omitto.
550 2539 645 2619 Quue
657 2549 836 2604 montuosa
848 2537 891 2602 L.
899 2540 1036 2602 ciumis

52 2636 102 2702 Ad
114 2641 290 2706 occiduum
301 2652 419 2727 portus
433 2652 537 2721 extat,
559 2652 592 2706 et
609 2647 696 2704 inter
711 2644 889 2725 ipsumque
902 2636 1023 2702 custel-

53 2735 115 2804 lum
126 2740 243 2827 planus
259 2740 412 2820 habetur,
425 2747 461 2806 iu
474 2764 541 2833 quo
557 2740 717 2806 silvestria
729 2749 963 2826 pervagmates3
988 2745 1034 2803 et‘

53 2841 201 2926 oppidum
217 2841 366 2908 Iulidae
380 2847 554 2930 antiquum
566 2847 712 2906 retinens
727 2841 810 2904 olim
826 2848 895 2903 eret
906 2844 1020 2917 ritum,

52 2950 83 3001 ut
99 2947 151 3028 qui
166 2948 258 3008 senio
279 2939 450 3006 confectus
472 2952 528 3004 eut
546 2942 750 3019 inlinuntus,
772 2944 874 3004 vitam
891 2959 1021 3003 veneno

51 3037 166 3121 fiuiret3
195 3065 289 3107 mors
320 3045 390 3106 eius
419 3048 576 3108 maximis
606 3039 761 3106 laudibus
789 3037 1020 3104 extollebatur.

52 3137 191 3229 Cumque
205 3143 326 3208 Sextus
341 3141 540 3230 Pompeius,
559 3139 679 3207 Asiam
690 3153 824 3228 petens,
844 3138 913 3204 hue
926 3149 1019 3204 aetus

49 3243 295 3326 tempestatibus,
308 3243 497 3329 applicaret,
515 3254 547 3308 et
560 3243 698 3322 audiret,
710 3253 898 3307 matronam
912 3261 1020 3328 quan-

49 3337 116 3406 dam
129 3353 229 3408 aetate
245 3355 278 3408 et
290 3343 466 3410 virtutibus
480 3343 718 3422 venerendam,
740 3343 782 3408 ad
796 3363 870 3407 eam
882 3345 1019 3406 eeeessit

49 3450 77 3502 et
88 3441 204 3508 diutius
227 3443 340 3524 illam,
363 3454 403 3508 ut
416 3465 584 3508 venenum
605 3466 676 3509 nou
692 3448 872 3530 acciperet,
896 3464 1019 3507 exora-

48 3537 104 3604 bat.
142 3541 203 3609 Illa
223 3554 352 3622 autem,
372 3543 494 3608 lectulo
515 3543 656 3623 cubans,
678 3556 810 3630 agnatus
828 3541 1017 3608 circumha-

47 3636 137 3719 beus,
158 3649 205 3707 sie
227 3644 338 3709 verbis
353 3643 553 3730 Pompeium
571 3645 767 3732 alloquiturz
799 3643 964 3722 Quintum
985 3652 1017 3705 et

46 3751 290 3828 nonagesimum
304 3765 431 3808 annum
444 3766 522 3831 age,
545 3757 578 3810 et
590 3767 723 3832 semper
736 3741 870 3808 fortune
883 3742 1015 3806 vultum

46 3840 120 3906 mihi
138 3845 279 3910 ostendit
299 3845 441 3910 hilarem
457 3857 488 3908 et
503 3852 669 3932 gremium
689 3845 819 3910 felicem
837 3843 921 3908 mihi
936 3863 1015 3928 ape-

46 3946 122 4023 mit,
149 3955 197 4026 et,
222 3957 260 4010 ut
279 3967 377 4035 saepe
397 3943 449 4026 fit,
476 3944 556 4012 flatu
576 3942 721 4034 quodam
745 3945 854 4010 subito
873 3954 1024 4010 mutatae
