2742 5182
1031 348 1129 430 ao·
1177 435 1186 450 1

100 533 307 602 mosthenes
322 545 354 602 et
368 532 571 602 Aeschines
586 533 745 608 Fiussm
761 521 890 621 dicunt3
910 535 1010 604 hodie
1024 559 1085 606 ve*

98 658 141 700 ro
161 637 250 702 Tine
267 639 352 702 dicta
368 648 416 704 est
432 649 570 725 propter
582 661 677 702 suam
690 639 934 720 rotunditatem,
954 641 996 706 ad
1007 665 1088 722 moa

101 733 184 802 dum
197 745 260 802 tini
279 739 438 824 derivata,
462 749 494 802 ct
515 744 669 824 contigua
682 735 819 819 Andro,
839 739 919 804 XL.
936 747 993 820 cir.
1010 721 1086 822 mi.,

102 861 171 926 quo
191 846 226 903 in
249 847 355 926 spatio
379 841 446 904 duo
475 835 650 924 eriguntur
674 842 814 924 scopuli.
856 842 896 906 In
918 867 983 930 qua
1004 845 1089 924 olim,

100 939 226 1006 mulier
244 941 390 1006 venefica
410 937 590 1027 quaedam,
613 961 691 1006 cum
707 943 833 1008 videret
852 943 954 1008 semel
973 941 1090 1024 hostes

101 1047 411 1128 appropinquantes
438 1043 481 1106 ed
506 1041 626 1106 urbem
650 1041 893 1126 desolandam,
909 1049 946 1108 in
972 1039 1090 1126 monta

103 1144 293 1208 sublimiori
308 1164 445 1222 ascensa
455 1153 522 1222 est,
544 1154 576 1206 ot
592 1142 699 1226 nuda,
723 1151 846 1229 sparsis
861 1144 1026 1227 crinibus,
1045 1147 1089 1215 ad
1152 1194 1155 1202 ι

101 1245 238 1308 coelum
263 1241 398 1310 brachia
424 1243 622 1321 extendens,
653 1245 806 1310 nondum
833 1252 1089 1316 incantationem

101 1345 310 1430 expleverat,
344 1367 450 1432 quum
476 1341 615 1414 Africus
643 1350 837 1430 repentinus
865 1359 981 1414 contra
1011 1350 1087 1414 illos

100 1451 298 1531 insurgens,
321 1448 460 1512 classem
476 1453 512 1512 in
533 1453 640 1512 imam
655 1451 787 1526 evertit,
808 1457 839 1512 et
856 1454 903 1514 sic
917 1471 979 1534 per
993 1455 1090 1515 insa-

100 1547 174 1612 lam
185 1570 263 1634 pars
277 1549 414 1632 illorum
429 1555 529 1632 evasit
543 1553 705 1625 maxima,
731 1571 830 1640 quae,
855 1555 957 1638 potita
976 1549 1090 1636 liquo*

100 1650 199 1714 ribus
214 1655 475 1714 incantationum
488 1659 519 1712 et
533 1655 730 1727 carminum,
747 1655 905 1728 insensati
918 1671 1094 1726 remense-2

101 1761 204 1832 runt3
225 1775 291 1840 quo
308 1757 344 1816 in
357 1751 432 1814 loeo
448 1750 489 1814 ad
505 1756 697 1815 servitutem
715 1761 791 1813 sant
804 1751 937 1816 redacti.
979 1751 1024 1815 Et
1041 1757 1090 1815 ci-

101 1877 162 1919 ves
186 1851 293 1917 effecti
310 1853 442 1930 divites,
464 1862 616 1936 tempore
631 1849 817 1920 Alexandri
837 1851 1002 1929 claruere,
1025 1873 1091 1936 po-

103 1966 177 2018 stea
196 1953 388 2042 aRomanis
410 1959 446 2018 in
465 1959 701 2018 exterminium
717 1952 929 2017 devenerunt.
970 1953 1091 2020 Evenit

102 2060 230 2120 etenim
243 2077 313 2120 non
330 2055 398 2132 diu,
416 2075 534 2118 navem
549 2055 589 2118 ab
605 2054 783 2130 occidente,
801 2064 970 2116 oneratam
986 2075 1092 2141 equo-

100 2179 201 2234 rum,
229 2155 297 2220 huc
318 2161 477 2240 attigisse,
507 2176 628 2241 magna
645 2158 746 2218 maris
766 2163 977 2241 tempestate,
1005 2176 1091 2241 quae

102 2263 144 2323 in
156 2247 290 2322 ruinam
306 2264 457 2326 omnium
473 2261 690 2321 animantium
706 2275 818 2318 eversa
832 2263 890 2331 est,
917 2265 949 2318 et
961 2276 1023 2340 per
1037 2260 1092 2322 in-

102 2359 223 2422 sulam·
239 2357 397 2422 foetentes
417 2343 453 2421 in
473 2379 654 2422 numerum
676 2354 878 2418 devenerunt
895 2360 1092 2421 maximam.

103 2495 150 2514 -
182 2459 222 2524 In
243 2481 324 2547 qua,
353 2464 441 2538 circa
460 2457 635 2538 medium,¹
654 2465 800 2537 castrum
821 2458 858 2518 iu
878 2465 992 2528 monte
1014 2479 1093 2522 cum

101 2563 211 2651 plano
233 2559 375 2626 habetur
400 2555 511 2622 fertili.
560 2554 620 2622 Ad
641 2561 804 2620 orientem
828 2554 969 2642 denique
990 2565 1092 2624 uaris

103 2660 351 2729 Sti-Nicolai
371 2667 408 2724 in
425 2665 512 2724 mari
529 2657 692 2738 elevatum
715 2666 747 2720 et
762 2661 798 2722 in
811 2666 924 2720 monte
943 2657 985 2720 ad
1003 2660 1094 2722 oc‘ci-

105 2767 217 2830 duum
230 2762 331 2826 altera
348 2766 487 2846 erigitur
506 2763 738 2822 munitissima.
780 2755 839 2820 Ad
853 2761 997 2820 trionem
1011 2779 1093 2824 vero

104 2867 204 2932 vallis
221 2885 360 2930 atnoena
371 2867 529 2949 aperitur,
543 2870 576 2924 et
589 2856 631 2922 cd
642 2857 818 2930 meridiem
835 2855 917 2922 olim
930 2857 1095 2944 oppidum

106 2967 291 3034 colebatur.

489 3121 700 3142 *fl

578 3290 643 3362 51.

108 3435 167 3542 P
167 3443 321 3559 astquam
348 3468 418 3534 dixi
440 3467 482 3534 de
504 3467 595 3534 Tiao
616 3465 660 3532 ad
680 3425 877 3550 Michonos
901 3461 1108 3540 secedamus.

108 3575 195 3640 olim
210 3595 229 3637 a
246 3593 323 3658 rege
338 3570 439 3651 dicta,
458 3569 513 3636 rel
531 3573 646 3636 micas
665 3587 781 3652 graece
802 3564 998 3654 longitudo
1020 3565 1098 3629 lati-

109 3697 167 3752 ne,
190 3672 243 3738 vel
258 3672 463 3760 paululum,
487 3676 565 3758 quta
576 3675 613 3737 in
626 3669 701 3732 loco
716 3688 819 3752 parvo
835 3663 986 3730 habetur.
1020 3663 1107 3742 Fuit

111 3777 197 3842 olim
211 3779 312 3862 igitur
325 3773 542 3856 exsplendida
558 3775 677 3847 nimis,
697 3779 735 3832 ut
751 3788 812 3852 per
831 3763 978 3832 aedificia
997 3774 1112 3848 testa·¹
1212 3813 1216 3818 .

108 3889 187 3960 tur,
208 3875 388 3966 quiaDelo
412 3867 619 3962 propinqua,
645 3881 678 3938 ct
696 3872 881 3959 peregrini,
893 3876 939 3965 ¹ut
960 3875 1112 3970 possent¹
