2742 5182
311 423 387 496 ili
446 415 455 422 ’

309 619 366 686 ubi
382 616 480 706 plura
501 612 625 702 oppida
642 617 748 700 usque
761 608 811 686 ad
832 607 1009 702 manuum
1031 606 1207 686 videntur,
1221 671 1223 679 Α
1235 610 1299 676 Ca·

309 719 379 786 stol
397 717 516 794 Gara,
540 713 769 788 Hieremiae,
797 710 1000 792 Gildonis,
1027 709 1181 786 Caleni,
1200 711 1299 788 Vatis
1361 707 1362 714 '

310 823 411 892 lica,
443 817 563 885 Gaseel
582 815 713 886 Petra,
743 809 1032 879 oaszetMotino.
1059 808 1134 875 ‘Ad
1157 817 1298 877 aionem
1361 823 1362 902 t

218 901 227 992 i
315 921 434 988 Cascei
458 914 770 987 stt-Theodori„
793 915 911 978 Cascei
932 911 1146 998 Angerino‚
1186 915 1299 976 Castel
1361 903 1362 920 ¹

309 1021 558 1091 Parracbila,
592 1027 624 1078 et
646 1023 765 1093 lunis,
789 1027 849 1079 etc.
893 1015 991 1078 (liroa
1009 1013 1162 1078 medium
1183 1012 1298 1098 plautus

308 1120 428 1188 fertilis
444 1130 502 1184 est.
545 1117 603 1182 Ad
619 1121 847 1205 orientemque
863 1117 1042 1180 occiduum
1055 1124 1189 1178 montes
1208 1125 1240 1177 et
1251 1120 1299 1177 in-

311 1222 436 1286 domita
453 1220 608 1284 animalia
626 1230 704 1282 sunt
719 1239 786 1282 una
801 1240 881 1282 cum
898 1222 1067 1304 cypressis
1083 1215 1238 1303 iugisque
1251 1221 1300 1301 pi·

310 1328 462 1411 uelisque
477 1319 740 1386 manifestantur.
779 1317 841 1380 list
854 1318 996 1404 denique
1010 1323 1046 1381 in
1063 1323 1209 1382 circuitu
1224 1338 1299 1402 por-
1361 1321 1362 1396 l

310 1434 421 1500 mosa,
445 1434 477 1488 et
499 1420 646 1486 CXXX.
669 1427 728 1485 cir.
748 1425 823 1493 mi,
851 1429 882 1482 et
904 1416 1034 1506 scopuli
1055 1421 1250 1504 erigantur,
1272 1428 1300 1481 et
1361 1407 1362 1454 t

309 1546 416 1613 prope
433 1523 598 1589 Tusciam
613 1524 883 1586 conterminatnr.
980 1553 981 1558 κ
1058 1514 1062 1523 “

772 1889 836 1958 60.

309 1991 481 2100 Resumo
497 2053 588 2096 nuno
604 2011 750 2096 insulam
772 2029 925 2106 Tenedi,
947 2053 1031 2118 quae
1047 2051 1160 2096 coram
1185 2035 1297 2094 introi·

238 2197 241 2202 .
308 2146 347 2200 tu
370 2139 474 2200 stricti
494 2133 679 2200 Romanius
702 2131 754 2196 vel
771 2131 982 2218 Hellesponti
1011 2137 1119 2217 posita
1141 2144 1189 2193 est
1217 2145 1248 2195 et
1266 2138 1297 2196 in

308 2245 491 2323 conspectu
517 2239 764 2321 antiquissimae
780 2232 903 2298 Tuoiae
927 2245 1089 2321 apparata·
1106 2245 1157 2296 est
1180 2241 1216 2298 in
1231 2235 1299 2300 Ae-

308 2356 391 2424 gaeo
415 2343 511 2403 mari.
556 2335 651 2414 Quae
673 2355 692 2398 e
715 2333 862 2422 quodam
882 2341 1001 2408 iuvene
1019 2342 1066 2398 sio
1084 2335 1173 2398 dicto
1191 2342 1299 2400 nonti-

308 2448 387 2506 nata
403 2448 470 2517 est,
493 2441 552 2526 qui
566 2435 710 2500 Athenis
732 2435 928 2510 infamatus,
951 2436 1041 2522 quod
1057 2457 1153 2500 suam
1175 2459 1298 2522 cogno-

308 2543 411 2604 visset
429 2551 625 2615 novercam,
647 2537 691 2602 ob
714 2537 950 2602 verecundiam
971 2537 1013 2600 ad
1033 2535 1120 2600 banc
1141 2538 1300 2623 applicuit
1361 2543 1362 2588 t

308 2641 471 2718 insulam,
512 2649 545 2702 et
573 2659 710 2703 vacuant
740 2637 924 2702 cultoribus
953 2644 1136 2726 occupavit.
1189 2640 1299 2717 Ilaec,

308 2751 461 2832 tempore
472 2738 716 2806 Laomedontis
733 2747 765 2803 et
784 2737 925 2816 Priami,
948 2740 1202 2826 opulentissima
1223 2739 1301 2820 fuit,

308 2853 343 2910 et
359 2847 396 2910 in
415 2846 486 2908 eius
511 2845 588 2904 sinu
609 2831 730 2906 Graeci
749 2853 952 2928 paraverunt
966 2841 1124 2906 Troianis
1146 2842 1300 2919 insidias,

307 2942 469 3034 aquibus
491 2941 596 3006 Troia
619 2940 725 3006 deleta
749 2953 807 3008 est.
853 2940 919 3006 Per
936 2942 1024 3008 hanc
1046 2942 1176 3008 bellum
1204 2954 1300 3014 atrox
1361 2939 1362 2980 ³

306 3041 395 3112 ‘inter
416 3040 566 3120 Venetos
590 3053 622 3106 et
640 3041 818 3106 Ianuenses
840 3053 993 3130 tempora
1012 3065 1089 3110 meo
1111 3043 1192 3123 fuit,
1222 3051 1300 3133 quia

306 3143 449 3233 quilibet
470 3147 625 3230 ipsorum
640 3163 725 3208 veam
755 3144 928 3230 possidere
957 3145 1096 3210 volebat.
1141 3146 1300 3212 Tandem

307 3237 351 3310 ex
368 3242 545 3308 concordia
562 3243 737 3309 ambarum
748 3250 895 3332 partium
908 3245 1054 3310 desolata
1066 3253 1245 3326 remansit,
1269 3258 1301 3312 et
1361 3299 1362 3322 1

308 3342 495 3416 sionullus
521 3349 558 3406 in
586 3365 624 3408 ea
643 3345 742 3409 audet
768 3343 927 3410 habitare.
972 3345 1039 3411 Sed
1063 3359 1246 3437 postquam
1267 3355 1300 3413 vi
1361 3323 1362 3416 l

305 3449 421 3530 omnia
439 3443 556 3514 relicta
567 3441 685 3523 fuere,
708 3445 888 3510 domestica
907 3446 1012 3512 multa
1028 3449 1184 3514 animalia
1197 3451 1300 3515 indo·
1361 3473 1362 3514 t

303 3549 386 3612 mita
401 3544 571 3610 devenere.
607 3543 646 3606 In
660 3545 829 3610 radicibus
845 3567 924 3633 ergo
939 3547 1064 3612 altioris
1079 3555 1205 3614 montis
1221 3550 1300 3618 fons
1361 3525 1362 3548 l

305 3656 372 3724 est,
394 3647 450 3732 qui
467 3643 508 3708 ab
528 3644 612 3710 hora
632 3652 727 3711 tettia
746 3651 854 3711 noctis
871 3669 978 3737 usque
996 3648 1037 3712 ad
1059 3659 1204 3730 sextam,
1229 3652 1301 3717 sol-

306 3751 393 3812 stitio
410 3750 588 3823 existente,
610 3757 739 3812 tantum
760 3747 906 3812 exundat
926 3753 962 3812 in
979 3753 1092 3837 aquis,
1114 3747 1209 3839 quod
1230 3752 1299 3818 llu-

304 3867 384 3914 men
399 3851 587 3920 maximum
608 3846 738 3914 videtur
754 3868 842 3934 esss3
861 3857 897 3913 in
914 3849 987 3916 aliis
1001 3859 1112 3918 autem
1129 3850 1227 3918 horis
1248 3853 1296 3936 nil
