2742 5182
1029 475 1079 552 95

102 683 276 752 maximus.
320 677 406 765 Sunt
419 675 561 764 denique
577 674 659 742 haec
681 686 713 766 ct
730 673 812 742 aliae
829 680 1077 744 circundantes

105 781 226 848 insulae
240 803 260 844 a
273 780 396 844 Turcis
419 799 597 866 oppressae
616 784 716 842 nimis
738 788 769 840 et
789 785 824 841 in
840 778 1078 844 desolationem
1128 809 1135 829 ν

106 905 197 968 saepe
212 881 371 959 redactae,
395 890 427 944 et
438 879 485 944 ibi
496 878 694 944 habitatores
709 885 906 946 continuum
921 885 1077 968 limorem

104 991 208 1046 tenent
222 1003 265 1044 ne
281 986 316 1044 in
330 985 520 1045 servitutem
533 979 733 1064 redigantur.

553 1302 616 1377 55.

101 1411 220 1516 Breve
249 1451 391 1534 spatium
412 1445 532 1510 abhinc
548 1445 752 1538 Antiparcs
776 1459 841 1527 est,
870 1460 902 1513 et
924 1457 1075 1539 quamvis

101 1547 318 1612 inhabitabilis
348 1553 407 1626 sit,
442 1546 483 1612 ab
505 1547 689 1635 aquilisque
716 1547 901 1614 falconibus
930 1573 1001 1617 non
1027 1565 1077 1619 est

102 1648 262 1730 derelicta.
305 1647 430 1728 Quisve
448 1653 570 1735 poterit
589 1660 671 1734 quot
689 1647 794 1714 soleae
814 1673 877 1737 per
897 1654 1077 1740 scopulum

101 1760 258 1838 parantur
279 1753 314 1814 in
334 1772 439 1827 anno,
468 1770 547 1813 cum
564 1748 690 1835 lapides
713 1772 752 1814 eo
772 1761 922 1838 tempore
940 1777 1010 1819 non
1023 1759 1076 1820 ri-
1093 1760 1113 1772 ‘

101 1851 253 1929 deantur,
286 1862 375 1915 tanta
401 1862 451 1914 est
469 1855 641 1936 congeries
662 1857 840 1938 aviumque
859 1845 1024 1920 solearum
1044 1865 1076 1920 et

99 1957 293 2038 praesertim
312 1953 516 2040 aquilarum,
539 1974 639 2038 quae,
668 1952 748 2016 dum
769 1961 805 2016 in
823 1954 897 2017 loco
915 1957 1076 2044 praedam

101 2053 268 2130 conducit,
296 2058 362 2116 nisi
386 2075 505 2138 magna
529 2050 618 2116 same
638 2064 803 2131 arceatur,
828 2055 897 2119 sola
916 2058 1076 2144 praedam

98 2175 165 2216 non
175 2154 364 2218 manducat.
406 2153 504 2219 Duos
518 2153 643 2240 lapides
656 2160 820 2238 pretiosos
833 2159 1077 2224 masculinum·

100 2275 160 2339 que
176 2252 380 2318 femininum
399 2259 435 2318 in
455 2253 535 2318 nido
560 2277 622 2317 suo
644 2252 770 2338 colligit
788 2266 819 2318 et
832 2264 982 2342 reponit,
1002 2265 1075 2324 sine

98 2353 231 2439 quibus,
263 2364 302 2416 ut
322 2361 366 2419 ait
387 2355 532 2434 Plinius,
553 2377 671 2442 parcre
695 2361 820 2441 nequit.
863 2355 907 2420 Et
928 2357 1074 2425 Achates

99 2455 138 2516 ad
159 2455 415 2521 custodiendum
435 2457 546 2543 pullos
565 2479 643 2520 suos
667 2479 686 2520 a
707 2479 834 2522 veneno
854 2469 886 2522 et
903 2460 1075 2546 reptilium

97 2577 210 2622 morsu
229 2559 379 2643 reponit,
410 2556 483 2633 sed,
511 2567 690 2643 postquam
709 2579 729 2620 a
751 2557 830 2622 nido
852 2581 908 2624 eos
929 2562 1075 2648 expulit,

99 2659 248 2746 praedari
261 2661 404 2722 instruit.
433 2654 527 2734 Quos
543 2679 620 2721 curn
635 2657 756 2722 viderit
764 2663 832 2752 iam
844 2662 1002 2746 praedam
1018 2684 1075 2728 ca-

100 2780 193 2844 pere,
215 2763 252 2822 in
269 2757 373 2820 altum
388 2755 521 2835 volans,
544 2756 584 2820 ab
599 2779 717 2822 eorum
730 2759 833 2823 tutela
847 2781 882 2824 se
903 2761 1075 2846 subtrahit,

100 2871 130 2922 et
149 2858 281 2924 hiemali
304 2869 453 2944 ternpore
474 2855 638 2922 aviculam
658 2859 825 2923 modicam
843 2866 945 2946 capit,
973 2885 1076 2953 quam

98 2965 181 3024 inter
200 2960 303 3048 pedes
328 2957 369 3022 de
384 2969 487 3043 ¹nocte
513 2967 628 3021 tenens
650 2970 789 3046 propter
811 2959 1075 3046 calefactionem,

100 3060 289 3151 stringendo
303 3081 373 3123 non
384 3063 536 3149 perimit,
561 3059 620 3124 sed
633 3070 707 3124 orto
728 3058 798 3124 sole
817 3061 964 3131 illaesam
983 3067 1075 3134 abire

98 3167 264 3250 permittit.
297 3152 299 3158 ¹

458 3335 462 3344 Ι
480 3320 690 3338 m

553 3469 616 3544 36.

100 3580 224 3682 Inveni
250 3613 405 3702 equidem
425 3615 578 3680 ultimam
603 3624 677 3678 ante
699 3611 820 3678 dictam
838 3616 983 3683 insulam
1001 3620 1083 3688 Pae.

99 3731 230 3800 aarum
239 3760 253 3788 ,
273 3720 368 3802 quasi
381 3737 423 3779 ex
438 3715 553 3780 eadem
567 3719 741 3801 asperitate
756 3726 788 3777 et
800 3737 921 3800 parvae
940 3718 1075 3787 habitu-

100 3817 200 3899 dinis,
222 3839 242 3881 a
259 3839 335 3903 pan
354 3837 487 3902 graece,
511 3825 619 3881 totum
637 3814 755 3892 latine,
776 3827 808 3878 et
817 3837 890 3901 γα,
909 3823 1081 3896 sanitas,

99 3924 190 4002 quasi
210 3921 462 3985 corosanum.
504 3917 586 3982 Erat
601 3925 712 3980 autem
732 3921 768 3978 in
786 3937 827 3980 ea
848 3915 986 3984 ecclesia
1003 3923 1073 3991 sola

98 4024 206 4102 rimis,
225 4025 262 4086 in
276 4041 358 4108 qna,
377 4029 416 4084 ut
426 4021 642 4104 imaginatur,
663 4017 783 4112 eliquia¹
798 4023 935 4085 eremita
946 4023 1074 4090 reside·
