2742 5182
292 469 368 544 118

293 669 371 731 tu'or
385 661 531 730 milliu'm
544 670 576 727 et
591 659 811 727 ducentarum
826 660 965 728 nanum
977 657 1126 727 dominio
1144 660 1281 728 tenibiss

291 764 376 841 lem,
399 769 520 849 exigua
537 761 693 827 latentem
713 761 867 827 navicula
886 758 1004 846 fugere
1019 764 1136 848 oo‘e'git.
1181 762 1283 838 Ponit¹

295 872 387 932 enim
406 865 542 930 Lucius
561 864 653 952 quod
672 886 767 940 cum,
788 861 963 948 Philippo,
985 884 1081 948 rege,
1104 863 1280 930 Abidenos

293 976 526 1054 oppugnante,
550 975 582 1028 et
597 963 638 1028 ad
655 963 914 1028 destructionem
935 968 1002 1027 iam
1021 986 1205 1030 murorum
1224 987 1281 1030 ve-

294 1073 415 1146 nisset,
437 1073 542 1143 cives,
565 1063 609 1130 ob
622 1063 1002 1141 misericordium,·cum
1019 1065 1279 1152 supellectilibus

295 1168 452 1235 recedere
465 1167 622 1246 volentes,
634 1171 824 1252 capitaneus
837 1171 873 1229 in
887 1166 1060 1230 castellum
1073 1187 1129 1230 eos
1143 1189 1281 1233 revoca·
1355 1247 1356 1252 γ

295 1275 357 1345 vit,
379 1269 508 1334 dicens=
537 1269 619 1332 Non
640 1271 835 1353 pepercistis
854 1271 979 1352 patriae
999 1277 1031 1330 et
1048 1267 1208 1332 domibus
1225 1291 1281 1334 ve·

296 1376 388 1448 stris,
424 1370 500 1435 ideo
528 1373 729 1434 occisionem
755 1372 846 1431 eritis
873 1388 990 1432 omnes
1015 1375 1203 1456 accepturi3
1239 1376 1282 1436 ita

296 1471 398 1560 quod.
417 1474 551 1558 ipsimet
574 1475 610 1533 in
636 1467 884 1532 disterminium
908 1473 1025 1532 mortis
1053 1475 1223 1535 irruerent
1252 1483 1283 1536 et

296 1571 482 1658 domosque
499 1575 612 1636 omnia
631 1568 672 1632 ad
695 1572 807 1653 ignem
822 1573 955 1634 misere.
998 1567 1097 1634 Ultra
1108 1591 1189 1636 vero
1203 1571 1282 1640 XL.

296 1677 371 1752 mi,
399 1683 561 1758 exparte
588 1657 1037 1755 Europae'munitissimum
1064 1671 1283 1760 Gallipolim
1356 1697 1357 1750 l

296 1772 463 1860 oppidum
476 1771 627 1837 videmus
643 1777 679 1834 in
696 1771 817 1848 altum,
841 1772 932 1858 quod
954 1783 1072 1856 sponte
1085 1771 1211 1838 Turcis
1230 1781 1283 1840 in-
1356 1783 1357 1786 ’

298 1871 453 1938 fidelibus
467 1871 653 1958 Imperator
667 1871 826 1936 Graeciae
839 1873 974 1937 tradidit
987 1885 1019 1936 et
1031 1871 1115 1936 filias
1127 1881 1283 1962 proprias

298 1980 345 2042 eis
368 1971 542 2060 copularit.
583 1974 639 2038 Ex
660 1996 725 2060 qua
745 1973 919 2059 largitione
938 1983 1028 2037 tanta
1050 1985 1162 2038 secuta
1184 1985 1285 2040 estet

299 2080 449 2162 sequitur
473 2085 597 2159 strages
619 2073 902 2151 Christianorum,
936 2073 1025 2162 quod
1049 2077 1105 2138 vix
1125 2073 1231 2142 homo
1251 2083 1285 2142 in

299 2197 360 2240 sua
380 2185 480 2239 aetate
502 2187 614 2261 posset
637 2180 774 2238 nomina
796 2177 918 2260 scripta
938 2185 1179 2263 captorumque
1197 2184 1287 2242 occi⁴

299 2277 416 2340 sorum
429 2297 634 2340 enumerate.
678 2275 782 2362 Igitur
797 2274 902 2337 Turci
917 2273 959 2338 de
974 2271 1145 2340 montibus
1160 2277 1287 2344 Arme·

279 2382 439 2462 *uiaeque
454 2375 586 2440 Persiac
604 2399 767 2464 pauperes
782 2382 820 2440 iu
830 2375 917 2440 hanc
932 2380 1099 2440 venientes
1118 2383 1287 2446 minorem

299 2477 435 2554 Asiam,
460 2477 647 2542 dominium
669 2501 711 2542 cx
731 2499 898 2541 consensu
922 2477 1134 2564 Imperatoris
1166 2501 1288 2566 supra-

303 2579 382 2644 dicti
400 2585 658 2666 inceptaverunt.
702 2577 757 2642 Ex
775 2577 896 2664 quibus
917 2584 981 2642 cito
999 2585 1172 2664 provincia
1192 2589 1287 2649 noris

304 2665 493 2768 linguisque
507 2679 661 2764 gentibus
682 2701 788 2765 usque
804 2685 840 2742 in
859 2678 1062 2746 hodiernum
1077 2680 1217 2768 impleta
1231 2693 1290 2748 est.

302 2779 459 2860 Quorum
480 2781 581 2867 aliqui
604 2779 746 2844 inbelle
768 2778 906 2844 fuerunt
923 2785 1145 2846 strenuissimi
1167 2793 1201 2848 et
1216 2805 1291 2848 mc-

302 2887 428 2946 moriae
451 2882 634 2968 digniores,
661 2885 736 2968 qui,
764 2881 950 2946 secundum
973 2887 1078 2948 ritum
1101 2894 1211 2948 sectae
1233 2907 1292 2950 eo·
1358 2881 1359 2896 ¹

302 3003 397 3060 rum,
419 2983 507 3046 laute
522 2979 793 3068 gubernaverunt
805 3003 948 3068 regnum
961 2992 1002 3046 'et
1018 2983 1167 3049 dominia
1185 2986 1293 3052 multa

302 3087 337 3147 vi
357 3082 565 3146 abstulerunt
586 3079 790 3145 Christianis.
835 3082 991 3162 Quorum
1012 3106 1101 3148 unus
1123 3085 1294 3152 Marath-

305 3184 373 3269 bey
392 3187 512 3245 merito
534 3180 664 3246 dicitur.
729 3181 871 3260 Mulier,
907 3184 989 3248 dum
1009 3182 1178 3264 ferculum
1198 3188 1292 3254 lactis

304 3287 378 3346 viro
394 3287 430 3344 in
444 3303 523 3366 agro
536 3291 699 3368 portaret,
722 3280 868 3348 famulus
884 3285 1011 3350 domini
1031 3291 1132 3350 nimis
1152 3290 1295 3374 epulum

305 3381 456 3448 mulieris
472 3381 625 3446 comedit.
669 3381 764 3462 Quae
779 3398 975 3473 conquesta,
994 3393 1059 3452 cito
1080 3412 1160 3456 reus
1178 3414 1295 3458 coram

307 3505 347 3548 eo
364 3482 580 3558 conducitur,
602 3477 650 3560 et',
669 3482 834 3549 abscissus
849 3492 885 3552 in
900 3489 1028 3567 medio,
1047 3489 1102 3554 lac
1115 3499 1295 3578 cognosci·

305 3594 377 3661 tur,
399 3593 431 3646 et
443 3587 567 3648 iustitia
582 3605 697 3652 coram
709 3585 855 3651 Moram
871 3587 1080 3657 sublimatur.
1101 3628 1145 3643 -
1176 3591 1296 3662 Abbas

306 3685 443 3772 quidam
466 3697 662 3751 ornamenta
686 3696 943 3776 sanctorumque
966 3691 1123 3769 ccclesiae
1143 3693 1297 3772 abstulit,

307 3796 339 3848 ct
358 3805 472 3850 coram
486 3783 619 3850 Morato
637 3808 760 3874 magno
781 3789 901 3874 gaudio
919 3789 1154 3859 ltlahumettun
1175 3795 1297 3860 adora·-

307 3890 363 3951 vit.
408 3885 568 3953 Monechi
589 3909 685 3969 vero,
708 3911 749 3954 ex
765 3911 831 3976 quo
847 3895 935 3958 riam
950 3893 1136 3960 didicerunt
1150 3896 1299 3978 abbatis,
