2764 5182
286 444 311 512 8

360 635 431 707 His
462 630 635 731 adiungo
671 643 792 736 status
822 624 1041 699 hodiernae
1074 609 1276 697 Graeciae
1372 673 1373 734 3

284 771 481 864 rationes,
508 785 548 838 et
563 789 660 840 sane
675 789 782 836 nunc
800 761 870 833 ubi
891 779 1068 833 nostrum
1088 761 1275 833 omnium
1371 825 1373 840 ,

287 902 398 976 oculi
420 904 560 974 intenti
586 897 808 998 defiguntur
831 901 873 967 in
893 921 1077 995 magnum
1099 894 1200 966 illud
1229 913 1275 968 et

287 1034 448 1111 difficile
471 1038 611 1111 veteris
632 1033 824 1107 Gr'aeciae
846 1029 1019 1103 filiorum
1044 1028 1273 1122 certamen,

285 1196 394 1246 nunc
409 1171 479 1246 ubi
494 1169 745 1271 quotidianas
759 1167 929 1242 fundunt
944 1166 1136 1239 adDeum
1151 1167 1274 1240 Ο.Μ.
1372 1199 1373 1202 “

283 1329 425 1405 preces
442 1325 502 1379 tot
522 1324 561 1378 et
579 1309 676 1378 tanti
693 1305 885 1392 homines,
908 1300 1008 1376 lucis
1024 1299 1142 1391 illius,
1162 1327 1274 1400 quae

284 1465 306 1514 e
327 1442 493 1515 Graecia
510 1438 627 1513 nobis
644 1443 837 1528 manavit,
867 1442 990 1509 totius
1008 1434 1113 1510 orbis
1134 1437 1275 1510 litera·

283 1600 382 1669 rum,
407 1593 517 1676 grata
533 1591 666 1646 mente
682 1597 890 1664 memores,
909 1596 982 1670 pro
1000 1569 1130 1645 fausto
1149 1597 1274 1648 even-

282 1726 327 1782 tu
349 1709 616 1784 contentionis
633 1709 866 1797 acerrimae,
893 1732 1021 1798 nunc,
1047 1711 1081 1780 si
1100 1735 1177 1809 qua
1193 1736 1274 1782 un·
1372 1705 1373 1720 ³

283 1869 415 1946 quam,
440 1843 555 1935 dico,
578 1841 680 1916 liber
695 1865 806 1914 meus
823 1839 927 1914 bene
947 1845 1179 1943 excipietur,
1206 1845 1273 1918 ul·

281 1980 377 2054 tima
395 1979 553 2054 eruditis
571 1976 738 2052 offerens
756 1977 997 2052 documenta
1012 1995 1134 2054 status
1144 1971 1271 2054 Grae'-

285 2118 348 2190 cia
364 2132 456 2189 ante
475 2113 701 2188 Turcorum
716 2114 975 2187 invasionem.

356 2353 478 2427 Hisce
501 2375 595 2452 ergo
616 2349 780 2453 aliisque
799 2350 926 2428 causis
944 2369 1167 2453 permotus,
1198 2377 1271 2427 an·

280 2509 337 2561 no
361 2485 479 2561 huius
507 2485 633 2562 seculi
662 2501 778 2580 1821,
807 2487 962 2564 Parisiis
987 2490 1102 2562 variis
1127 2489 1269 2565 studiis
1372 2495 1373 2512 ³

281 2620 534 2722 philologieis
557 2641 721 2723 operam
744 2649 910 2714 navans,
946 2621 1268 2702 adolescentulus
1372 2701 1373 2732 ἢ

282 2759 399 2832 etiam
422 2775 539 2849 tunc,
567 2757 728 2834 Librum
747 2758 796 2831 de
812 2757 952 2832 Insulis
968 2759 1222 2861 Archipelagi
1245 2786 1270 2836 e
1372 2835 1373 2840 ,

283 2881 490 2968 codicibus
524 2896 640 2990 regiis
676 2893 890 2992 descripsi3
939 2919 1192 2996 reversusque
1226 2901 1271 2972 in
1372 2913 1373 2982 ξ

280 3030 447 3128 patriam
472 3022 592 3098 horas
620 3023 842 3102 subseciras
872 3025 977 3100 libro
1006 3028 1044 3100 ei
1069 3021 1268 3129 impendi,
1372 3043 1373 3050 ’

282 3186 400 3262 quem
417 3161 538 3251 nunc,
567 3158 754 3237 absolutis
772 3166 807 3234 T
808 3161 1018 3260 heologiae
1038 3165 1189 3258 studiis,
1215 3167 1268 3240 ad

131 3363 134 3370 .
217 3383 220 3390 Ι
282 3299 461 3398 antiquas
483 3291 744 3399 classicasque
766 3297 899 3372 literas
915 3314 1024 3373 totus
1049 3299 1195 3395 redux,
1219 3301 1268 3375 ti-

281 3428 325 3505 bi
347 3429 482 3525 trado,
506 3431 663 3509 Lector.

719 3631 752 3736 §-
777 3646 818 3716 a.

1370 3483 1373 3506 i

1372 3515 1373 3530 i

352 3802 406 3876 'Ut
423 3820 552 3876 autem
571 3800 676 3877 bene
700 3802 771 3876 tibi
797 3821 952 3879 constet
969 3805 1056 3908 quis
1078 3821 1119 3878 et
1137 3806 1276 3907 qualis·
1372 3855 1373 3912 ,

280 3935 331 4011 rit
346 3934 496 4012 Auctor
520 3963 638 4040 quem
662 3963 768 4016 nunc
792 3943 960 4042 primum
978 3946 1173 4041 integrum
1191 3969 1267 4044 pu·
