2764 5182
1024 435 1084 520 §i

99 734 336 864 Ostendimus
349 772 543 867 Leucatam.
583 779 694 850 Nunc
704 783 745 850 ad
756 783 973 852 Dulichium
986 795 1080 861 tram

96 896 210 966 simus,
232 907 317 975 quae
333 886 415 950 olim
431 888 575 968 Ithaca,
595 899 626 954 et
642 913 734 954 nunc
753 891 827 958 Vol
841 892 881 961 di
901 889 1080 986 Compare

96 994 303 1065 nominatur,
332 988 404 1062 altis
426 988 567 1076 rupibus
591 994 821 1080 circumsepta.
865 993 960 1074 Quae
978 1015 1082 1082 mon-

98 1101 191 1156 tuosa
213 1099 245 1153 et
266 1089 412 1166 inutilis,
436 1094 501 1154 nisi
521 1095 558 1156 in
579 1091 691 1156 medio
713 1100 852 1182 exiguus
873 1095 995 1184 planus
1018 1084 1081 1173 ali-f

98 1189 217 1280 quibus
242 1188 485 1278 arboribusque
510 1197 603 1279 casis*
620 1189 777 1272 habetur,
806 1200 1081 1278 et·circumcirca

96 1303 256 1380 portuosa
281 1295 369 1354 satis.
411 1290 465 1355 De
487 1299 612 1360 oriente
634 1293 677 1358 ad
696 1295 875 1362 occiduum
895 1293 1021 1376 XXX,
1049 1307 1081 1362 et

97 1399 132 1460 iu
151 1392 325 1458 latitudine
340 1391 395 1458 111.
412 1398 477 1458 mi:
487 1393 673 1482 ampliatur.
728 1395 833 1462 Cuius
855 1399 989 1488 quidem
1012 1397 1079 1464 duo

98 1505 244 1560 extrema
273 1499 309 1560 in
330 1492 461 1560 duobus
486 1501 681 1584 aperiuntur
706 1497 880 1580 cornibus,
908 1505 1017 1564 nautis
1044 1503 1081 1564 in

95 1607 191 1662 nocte
205 1593 416 1683 periculosis.
457 1595 535 1662 Fuit
551 1603 674 1665 etenim
689 1596 761 1676 hic,
782 1609 819 1663 ut
833 1591 999 1678 asserunt,
1023 1599 1082 1666 ille
1146 1681 1150 1692 ι

97 1697 389 1786 eloquentissimus
420 1695 629 1764 Graecorum
649 1685 797 1788 Ulyxes,
832 1706 890 1790 qui
919 1705 1012 1790 quasi
1038 1699 1081 1777 ad

98 1806 209 1866 omnia
219 1797 365 1866 modum
378 1798 575 1866 inveniebat.
617 1799 839 1888 Penelopem,
859 1799 962 1867 Ithaci
976 1799 1080 1870 filiam

99 1907 240 1990 sumpsit
253 1907 292 1965 in
312 1903 505 1986 coniugem,
533 1913 565 1966 et
585 1923 628 1965 ex
648 1921 686 1964 ea
704 1891 946 1968 Telemachum
966 1887 1080 1968 susce*¹
1157 1883 1168 1900 ⁰
1193 1957 1198 1962 .

98 2009 146 2092 pit
163 2003 282 2070 filimn.
327 1999 498 2088 Tandem,
520 2013 615 2092 rapta
626 1999 758 2094 Helena
775 2025 799 2070 ‘a
816 2003 951 2083 Paride,
973 2009 1022 2068 ira
1039 2003 1080 2072 ad

101 2105 238 2172 Troiam
260 2113 393 2169 coactus
416 2115 466 2168 est
480 2117 512 2172 et
531 2127 566 2170 se
579 2109 737 2170 insanum
751 2105 934 2185 simulavit,
953 2116 999 2185 et,
1021 2130 1081 2172 ve-

99 2211 207 2274 niente
225 2205 404 2274 Palamede
423 2205 465 2270 ad
481 2201 642 2283 Ithacam,
663 2207 818 2272 animalia
839 2203 963 2284 diversi
978 2230 1081 2294 gene-

98 2313 143 2374 ris
155 2315 233 2396 iugo
251 2313 362 2374 iunxit
376 2308 419 2373 ad
434 2319 582 2374 aratrum
597 2317 629 2370 et
643 2307 690 2372 sal
705 2315 869 2376 seminare
889 2301 1085 2406 compertus·

100 2421 154 2478 est.
203 2411 338 2477 Verum
364 2409 573 2487 Palamedes,
608 2414 763 2474 astutiam
788 2415 851 2477 viri
876 2417 1078 2497 suspicatus,

96 2523 191 2600 capto
211 2511 356 2600 parvulo
382 2507 604 2588 Telemacho,
630 2509 672 2574 ad
693 2511 933 2601 explorandam
954 2515 1080 2600 ingenii

101 2618 151 2680 siri
172 2611 343 2691 fraudem,
372 2635 451 2680 eum
465 2622 575 2677 aratro
593 2619 759 2701 opposuit.
802 2611 933 2701 Ulyxes
952 2624 1080 2695 autem,

100 2721 167 2780 viso
181 2715 269 2796 filio,
293 2713 470 2806 confestim
484 2713 623 2779 dimovit
641 2725 804 2792 aratrum,
825 2723 873 2791 ct,
895 2721 944 2780 sic
963 2706 1081 2802 cogniss

100 2827 151 2882 tus
172 2824 207 2882 in
227 2816 439 2908 expeditione
466 2821 516 2880 ire
539 2825 671 2880 coactus
693 2825 752 2880 est.
811 2811 917 2902 Capta
937 2814 1080 2903 denique

102 2917 202 2984 Troia
217 2925 255 2984 in
273 2924 433 2984 concione
452 2939 531 2982 cum
548 2916 736 3006 eloquentia
752 2939 812 2980 sua
831 2937 924 2982 arma
936 2913 1080 2989 Achillis
1161 2995 1168 3008 .

100 3031 212 3088 contra
230 3017 373 3087 Aiacem
394 3022 480 3086 vicit.
528 3017 711 3106 Postquam
732 3023 833 3105 igitur
853 3039 873 3082 a
893 3015 998 3082 Troia
1024 3039 1082 3082 re-

102 3128 210 3202 cessit,
240 3133 273 3188 et
300 3131 437 3196 conatus
464 3125 595 3186 visitare
622 3126 780 3208 patriam,
813 3118 927 3186 multis
956 3127 1081 3210 quippe

101 3229 236 3309 agitatus
249 3221 425 3312 procellis,
447 3227 484 3286 in
496 3221 709 3310 longissimos
731 3244 860 3287 errores
876 3244 913 3286 ac
928 3227 1081 3313 peregri«

101 3325 247 3398 nationes
271 3325 434 3390 decennes
455 3335 586 3393 evectus
610 3335 668 3389 est
719 3322 890 3402 Tandem,
919 3323 1025 3393 multa
1045 3330 1081 3390 iu

101 3429 214 3492 itinere
231 3449 368 3516 passus,
389 3426 432 3492 ad
445 3424 532 3492 hauc
546 3424 677 3492 devenit
691 3425 852 3505 insulam,
876 3436 922 3504 et,
944 3423 1030 3491 facto
1044 3431 1081 3492 in

103 3526 200 3608 domo
219 3553 280 3594 sua
292 3536 377 3606 ,cum
398 3527 631 3614 procatoribus
643 3527 822 3618 Penelopis
842 3526 989 3614 proelio,
1010 3548 1081 3594 non

101 3629 204 3696 matlto
218 3641 296 3720 post
307 3642 461 3717 tempore
476 3633 578 3720 vitam
591 3628 706 3696 finivit

207 3751 410 3839 Virgilius:
450 3735 453 3742 ¹
815 3808 818 3814 .

143 3857 185 3915 m
193 3857 347 3942 sugimus
363 3857 668 3936 scopulcsltlmcae,
689 3855 823 3916 Laesum
837 3873 936 3932 regno
943 3889 961 3928 ,Ι

145 3959 189 4020 Ee
202 3961 477 4021 terrani'ciltricem
490 3962 578 4018 saevi
591 3976 771 4021 execramus
792 3957 915 4044 Uirrio·
932 4005 934 4012 .
1016 4017 1021 4020 ,
1072 4024 1075 4030 .

480 4071 687 4090 m
