2728 5186
957 339 1037 414 stt

49 526 202 582 inaurati
218 528 292 583 miro
306 537 368 604 orte
381 527 536 604 elaborati,
556 529 679 602 pnolsr
674 527 755 605 lodis
772 529 872 600 seiont
884 543 969 602 cupro
983 541 1034 595 νιό,
1143 587 1149 600 ,

51 613 207 668 tribulum
222 615 304 670 aedit
321 591 488 670 Marcione·
496 605 671 684 Vcnstttco,
690 630 758 721 quos
773 597 932 700 deportetur
944 616 1027 678 otum

53 719 92 752 ex
114 703 215 770 cpoli.
310 717 312 722 ’

21 789 274 860 Partimque]
303 787 377 842 vide
398 785 500 842 iterC.
513 785 544 842 Ρ
557 788 677 857 Augerii
693 785 844 867 Duodequii
861 807 892 860 p.
885 783 945 846 :41-
964 787 1032 846 edit.¹

50 873 216 943 Plautini,
233 887 262 930 et
273 875 362 928 Notas
380 873 415 926 ad
426 873 568 926 Villhard
584 873 645 930 163
747 874 749 880 ’

18 961 64 1011 In
87 961 220 1012 modio
241 961 364 1030 Polis]
400 959 524 1020 Πόλεις,
541 957 632 1008 urbia
651 956 694 1011 Its
708 955 830 1012 enimc.
844 956 875 1012 P.
889 953 1031 1016 vocabant

52 1044 463 1113 Graeci'1stiussevi,unde
477 1045 623 1098 hodierne
639 1043 720 1096 urbis
737 1031 906 1114 appellatio,
931 1047 1029 1098 Stam'-

55 1129 121 1193 bol,
145 1149 209 1202 pro
226 1128 286 1188 ςαι
299 1130 394 1192 πολιν
419 1147 471 1184 seu
488 1131 525 1188 sic
543 1128 592 1195 τὴν
609 1128 701 1190 πόλιν,
721 1131 801 1200 quod
814 1133 912 1206 quiin
926 1131 1030 1186 urbem

56 1215 348 1288 proficiscebantur,
374 1233 441 1269 cum
461 1225 645 1294 rogarentur,
674 1231 734 1296 quo
754 1217 844 1310 irent,
870 1217 1027 1294 responde

52 1314 140 1370 rent,
164 1321 219 1360 ςαι
230 1303 324 1364 πολιν
342 1302 372 1352 in
398 1299 505 1352 Urbem·

20 1387 177 1437 Bootes.
214 1388 276 1444 SS.
300 1387 580 1455 Apostolorum]
623 1387 668 1442 De
689 1387 744 1440 hoo
767 1385 835 1442 aede
857 1391 969 1458 egimus
991 1385 1026 1444 sd

54 1471 204 1526 vinhard
218 1473 325 1530 N.138.
359 1472 449 1525 Deest
464 1474 550 1524 etism
561 1473 661 1526 multis
680 1471 813 1526 Gilliusl.
821 1472 847 1541 4,
863 1491 886 1526 o.
897 1477 926 1530 2.

25 1560 180 1628 Quinta
207 1575 281 1610 cum
306 1556 438 1628 ongolo
461 1559 588 1654 osnes]
622 1557 899 1614 VideCodinumin
912 1547 1028 1632 Origini

25 1683 243 1800 Sepulchra
262 1730 530 1802 Imperatorum]
568 1730 642 1785 Vide
655 1730 745 1784 Notos
760 1730 944 1786 edVillhard.
961 1733 1024 1792 tae.

24 1817 283 1870 Constantini
307 1817 490 1885 immenso]
532 1817 625 1869 Autot·
644 1828 689 1870 est
715 1817 853 1868 Eusebius
872 1817 936 1876 1..4.
977 1819 1024 1873 De

55 1907 118 1956 uita
139 1905 345 1970 Constantini,
367 1906 465 1974 ipsum
484 1902 705 1956 Constantinum
727 1905 760 1955 in
781 1905 850 1959 aede
870 1905 1023 1976 Apostolo-

55 2009 126 2043 rum
147 1989 342 2061 sepulchrum
362 1987 420 2041 sibi
443 1993 607 2042 extruxisse
625 1989 753 2042 medium
771 1993 847 2044 inter
870 1991 1023 2043 duodecim

55 2077 276 2148 Apostolorum
295 2087 495 2142 monumenta,
522 2074 555 2132 ὥς
575 2073 617 2124 ἄν
629 2077 673 2126 καὶ
691 2075 758 2143 μετὰ
778 2075 904 2141 τελευτὴν
925 2072 1021 2142 ἀξιῷτο

55 2167 111 2212 τῶν
137 2165 273 2214 ἐνταυθοῖ
291 2162 443 2228 μελλουσῶν
463 2162 507 2211 tm
519 2162 583 2228 τιμῇ
603 2160 813 2218 τῦιΑποςόλων
835 2155 1022 2214 συιτελεῖσθαὶ

55 2251 151 2312 lumin.
195 2247 328 2317 Idipsum
347 2245 464 2302 tradunt
487 2246 617 2298 Socrates
636 2248 657 2300 l.
667 2248 691 2303 1.
715 2265 739 2301 c.
755 2250 809 2302 ult.
856 2250 1021 2300 uozomomeo

55 2337 112 2389 1.2.
129 2353 155 2387 c.
169 2335 225 2386 ult.
265 2333 378 2399 Proccp.
400 2329 525 2382 chronio.
545 2330 699 2383 Alexandr·
726 2331 927 2402 l'ltsoplronot,
946 2333 1021 2386 Ato-

57 2421 148 2472 κακά.
174 2416 308 2470 Monesi·
329 2415 364 2468 de
384 2418 554 2469 intentione
576 2415 604 2468 8.
624 2415 738 2485 Crucis,
761 2419 888 2469 Zonaras
906 2430 935 2473 et
954 2420 1017 2488 alii,

60 2510 171 2578 quiin
192 2503 303 2571 templo
324 2501 470 2570 sepultum
491 2519 507 2552 a
527 2500 696 2554 Constantio
717 2503 781 2556 filio
802 2515 932 2558 narrant-s
962 2504 1019 2557 Ad-

55 2597 135 2646 dunt
156 2586 264 2642 Euseb.
280 2585 423 2650 Socrates,
447 2584 611 2638 Alexander
632 2583 767 2638 Monaoh.
787 2598 816 2639 et
828 2589 921 2642 Autor
941 2592 1019 2643 ritas

56 2675 248 2734 Constantini
268 2669 310 2722 Μ.
331 2680 359 2722 et
378 2667 504 2724 Helenae
526 2673 623 2724 matris
644 2665 721 2741 apud
737 2667 858 2724 Grotzsr·
892 2674 977 2726 Tom.
989 2675 1017 2728 3.

58 2769 95 2820 de
112 2764 208 2816 Cruoe
222 2777 251 2828 p.
260 2755 336 2812 1721.
356 2753 518 2825 depositum
531 2756 713 2810 Constantini
735 2773 840 2826 corpus
861 2759 888 2808 ἐι
909 2758 1018 2828 λάρνακι

56 2852 177 2922 χρυσέᾳ,
199 2861 251 2898 seu
266 2837 378 2896 locello
392 2859 494 2911 aureo,
511 2841 694 2909 Nicomedia,
719 2840 772 2894 ubi
793 2845 938 2897 extinctus
961 2855 1021 2914 est,

61 2940 93 2991 C,
113 2935 145 2988 P.
166 2933 303 2986 detulisse
323 2929 430 2980 milites
448 2941 604 2999 posteaque
624 2927 841 2982 sConstantino
864 2932 897 2982 in
910 2928 1018 2984 Aedem

60 3025 109 3076 SS.
127 3002 336 3090 Apostolorum
354 3015 467 3066 illatum
487 3027 514 3069 et
542 3019 575 3068 in
598 3027 786 3068 monumento
807 3013 1032 3086 Porphyretieo.

12 3127 15 3136 ·
61 3110 229 3178 depositum
252 3117 398 3156 una-oum
421 3103 518 3154 metris
539 3101 667 3157 Helenae
688 3097 824 3172 corpore*
864 3100 1018 3151 Godronuss

39 3187 41 3192 ’
60 3195 106 3246 καὶ
125 3191 245 3254 merids]
267 3192 293 3239 lt
315 3186 423 3255 λάρνακι
442 3191 582 3258 πορφυρᾷ,
605 3187 665 3254 ἤτοι
682 3187 819 3256 Ῥωμαίῳ,
837 3184 916 3244 αὐτὸς
929 3205 958 3238 τι
971 3185 1017 3238 stoi

61 3280 79 3344 ἠ
101 3279 191 3348 μήτηρ
207 3275 309 3339 Ἑλένη.
343 3275 386 3326 lto
407 3277 493 3327 etiam
509 3273 680 3342 Nicophanes
697 3271 806 3324 Callist-
818 3273 838 3324 1.
845 3269 872 3328 8.
892 3269 916 3326 o.
929 3274 972 3328 55.
986 3281 1017 3328 ot

62 3366 165 3419 Amor:
184 3361 258 3414 Hist.
279 3358 425 3414 Miscellac
447 3359 523 3416 1.11.
559 3359 663 3418 Scribit
682 3357 790 3426 Gyllius
809 3361 842 3411 in
858 3356 944 3429 Cpoli
957 3359 979 3412 l.
986 3353 1017 3415 4.·

62 3453 119 3504 c.2.
133 3467 186 3502 sua
199 3459 287 3502 aetate
307 3445 466 3501 secundum
481 3449 556 3499 viam
569 3447 670 3513 lotam,
691 3463 764 3514 quae
776 3443 868 3498 tendit
882 3461 935 3515 pet·
949 3442 1016 3505 dora:

63 3554 127 3589 sum
142 3537 336 3606 promontorii
357 3532 391 3586 ab
411 3533 479 3588 aedo
492 3532 670 3605 Sophiae-ad
690 3543 802 3602 portem
813 3527 1016 3602 Adrianopolit

63 3636 174 3690 tanam,
195 3639 286 3691 prope
306 3618 405 3676 locum
424 3618 475 3671 ubi
490 3619 546 3672 fuit
565 3619 706 3688 templum
723 3618 945 3689 Apostolorum,
962 3625 1014 3674 ert-«j

63 3713 154 3762 titisse
174 3709 280 3760 solium
302 3723 340 3759 ex
361 3706 566 3776 porphyretico
587 3719 727 3758 marmore
752 3703 873 3770 factum,
897 3701 947 3755 sed
966 3715 1014 3762 stt-j

63 3810 164 3860 cuum,
183 3805 210 3846 ct
224 3809 321 3844 carens
335 3794 487 3862 operculo,
506 3777 628 3862 longum
643 3791 685 3846 10.
700 3788 802 3859 podes,
821 3789 911 3840 altum
924 3789 949 3842 5.
963 3799 1013 3858 pot

63 3880 112 3934 des
131 3891 159 3932 et
177 3881 335 3945 semissem,
364 3879 443 3947 quod
458 3877 557 3940 Graeci
574 3891 602 3934 st
615 3878 706 3933 Turci
726 3871 857 3934 dicebant
874 3887 935 3933 este
950 3870 1013 3932 Mas
