2742 5182
307 393 360 469 72

311 591 406 656 ’νοω
418 585 537 666 latine3
564 585 642 670 qnia
658 581 716 648 hie
732 585 770 646 in
780 577 1003 670 perfectione,
1023 585 1130 669 magis
1143 603 1251 669 quam
1264 587 1303 648 in

312 691 386 754 aliis
401 688 568 776 partibus,
588 705 685 750 rosae
703 683 879 748 babenttu.
920 683 989 748 Vel
1002 684 1123 748 dicium
1136 683 1268 748 Rhodi
1281 707 1303 747 a

313 792 412 856 molo
424 790 583 878 punico,
604 790 683 873 quia
693 785 795 872 plena
807 783 986 850 hominum
1003 785 1084 849 olim
1097 790 1143 850 ita
1158 794 1243 860 erat,
1267 794 1300 848 et

313 891 356 953 ad
374 888 515 958 modum
531 891 616 952 scuti
628 885 848 972 ampliabatur
861 910 881 950 a
893 886 1014 950 Sancto
1028 885 1216 971 Stephano
1238 907 1300 948 us‹

313 1011 379 1078 que
393 989 436 1054 ad
450 988 612 1052 Sanctum
622 985 826 1051 Iohannem
836 987 1074 1075 Leprosomm
1086 996 1119 1049 ot
1133 986 1300 1050 Sanctum

311 1090 521 1158 Antonium
535 1100 568 1151 et
581 1087 740 1152 sanctum
759 1090 999 1166 Callinicum,
1020 1098 1067 1167 et,
1088 1088 1130 1152 ed
1143 1093 1298 1174 primum

312 1189 485 1256 redeundo
507 1199 676 1266 sanctim,
704 1190 944 1254 cineumdabat.
998 1187 1077 1266 Quo
1096 1193 1133 1252 in
1152 1195 1299 1252 circuitu

312 1303 423 1356 turres
440 1291 598 1354 ducentae
619 1302 729 1368 erant,
747 1296 843 1362 utin
859 1290 1016 1354 chronica
1028 1288 1187 1367 habetur,
1202 1309 1300 1378 ‘qua-

312 1415 392 1457 rum
418 1391 583 1478 quaelibet
614 1391 805 1456 cubitorum
830 1397 1068 1478 quinquaginta
1096 1393 1299 1477 erigebitur.

313 1493 468 1572 Quarum
488 1498 525 1556 in
547 1493 698 1556 medium
714 1493 920 1570 Colossum,
946 1492 1076 1556 idolum
1095 1497 1202 1557 mirae
1220 1515 1299 1558 ma*

311 1593 510 1681 gnitudinis‚
543 1592 734 1658 cubitorum
758 1592 897 1656 LXXta
921 1593 1206 1678 supereminebat,
1236 1594 1296 1658 ubi

312 1694 426 1759 velum
441 1715 461 1758 a
478 1693 578 1778 longe
591 1693 744 1758 LXXX.
760 1697 818 1756 mi.
829 1691 1075 1772 manifestabat,
1098 1705 1131 1757 et
1145 1701 1298 1760 cacumi-

312 1817 357 1860 na
370 1800 471 1859 totius
486 1799 624 1858 civitatis
641 1794 683 1858 ad
702 1800 810 1862 irnum
826 1793 1047 1859 submittebat.
1089 1793 1201 1874 Quae,
1230 1817 1298 1882 po·-

311 1900 495 1960 tentissima
513 1899 631 1974 ninus,
651 1894 767 1958 multis
786 1900 881 1958 annis
903 1918 981 1960 cum
994 1893 1172 1984 Aegyptiis
1191 1919 1297 1984 proe-

311 1995 397 2060 lium
415 2001 561 2084 paravit3
582 1995 721 2060 tandem
736 1995 777 2059 ab
792 2002 840 2060 eis
853 1996 998 2062 desolata
1016 2003 1184 2062 remansit.
1227 1999 1296 2064 Sed

313 2097 416 2183 aliqui
435 2119 515 2163 vero
535 2096 668 2173 volunt,
691 2095 783 2182 quod
802 2109 941 2184 propter
960 2100 1077 2164 crebra
1095 2113 1295 2168 terraemota

313 2197 493 2262 Colossum
506 2203 604 2286 atque
615 2208 737 2276 nunes,
758 2219 879 2284 magna
892 2198 1069 2266 hominum
1083 2203 1192 2281 caede,
1211 2203 1294 2268 fun-

313 2299 401 2364 ditus
415 2303 555 2386 periere.
596 2297 753 2377 Quorum
772 2305 953 2374 eversionis
975 2306 1149 2388 opiniones
1168 2305 1295 2370 multae

313 2413 411 2488 atque
424 2400 571 2465 diversae
584 2399 828 2486 praedicantur.
862 2401 940 2466 Ideo
956 2403 1041 2467 nihil
1053 2404 1159 2469 audeo
1174 2418 1207 2470 ot
1221 2425 1294 2472 rom

311 2513 381 2567 tam
394 2505 562 2588 antiquam
575 2505 730 2586 ignorare
742 2521 813 2578 me,
833 2502 917 2567 mibi
930 2511 1100 2585 conscius,
1118 2505 1294 2574 alllrrnare.

255 2623 256 2628 ’
312 2604 443 2668 Scimus
455 2613 567 2666 tamen
579 2611 629 2665 tot
642 2622 716 2664 esse
728 2605 998 2692 sententias'quot
1014 2613 1129 2694 capite,
1152 2619 1185 2674 et
1199 2614 1294 2696 quasi

312 2726 429 2768 omnes
449 2703 602 2768 homines
621 2701 790 2767 voluntate
807 2710 919 2790 potius
940 2729 1041 2793 quarn
1060 2714 1188 2774 ratione
1205 2709 1294 2774 i'erre

311 2806 482 2870 iudicium.
514 2801 649 2891 ¹Reperi
672 2803 827 2890 equidem
842 2810 878 2868 in
892 2809 1037 2893 quodam
1056 2831 1175 2894 graeco
1195 2811 1295 2876 rolu-

310 2912 419 2985 mine,
445 2905 624 2988 Colossum
642 2904 771 2970 idolum
791 2927 948 2985 aeneum,
971 2909 1143 2974 altitudine
1163 2911 1294 2976 orbito«

310 3029 390 3072 rum
401 3017 440 3070 ut
455 3029 571 3094 supra,
594 3004 685 3092 quod
697 3009 734 3068 in
748 3006 859 3070 medio
873 3014 1017 3092 pectoris
1027 3011 1206 3097 ,speculum
1220 3035 1295 3078 am·

310 3106 501 3192 piissimum
519 3104 736 3184 lustrabatur,
765 3117 820 3184 ut,
847 3112 960 3194 ipsum
979 3117 1209 3198 respicientes,
1230 3136 1292 3178 na-

310 3226 368 3270 ves
391 3205 432 3269 ab
450 3205 629 3293 Aegyptiis
654 3205 857 3291 egredientes
882 3209 1041 3276 riderent.
1083 3211 1150 3276 Hic
1173 3218 1294 3298 igitur,

310 3315 344 3370 et
361 3328 424 3393 per
442 3305 587 3370 insulam
608 3315 712 3370 totam
730 3307 910 3402 plusquam
930 3313 1022 3376 mille
1038 3312 1169 3377 Colossi
1190 3336 1292 3400 snpra

311 3405 483 3470 columnas
511 3406 708 3470 eminebant.
770 3407 911 3498 Insuper
936 3423 968 3476 et
997 3415 1292 3480 innumerabilium

311 3528 397 3595 opus
417 3506 651 3572 colurnnarum
669 3511 863 3594 insignitum
883 3515 1222 3601 eapifibus'Cerliae
1242 3528 1292 3596 et,

309 3628 373 3694 per
390 3629 506 3672 omnes
528 3617 654 3692 partes,
677 3606 855 3678 hincinde
878 3615 1026 3680 Caesaris
1049 3622 1144 3701 signo
1163 3623 1297 3703 reperi-2

310 3730 404 3787 mus,
423 3731 492 3772 una
510 3730 588 3772 cum
607 3716 715 3774 urceis
732 3713 934 3800 cadaverum,
946 3717 1199 3784 combustorum
1212 3719 1291 3784 inti-

311 3814 399 3887 nitia
413 3830 558 3897 quorum
573 3815 708 3896 vestigia
723 3834 829 3900 usqne
846 3820 882 3878 in
895 3816 1095 3884 hodiernum
1109 3819 1199 3886 diem
1212 3843 1291 3907 per-

311 3907 428 3976 hibent
454 3914 692 4000 testimoruum.
740 3915 961 3988 Nuceriam
984 3919 1025 3984 de
1048 3939 1157 4001 novo,
1184 3943 1292 4010 prope
