2742 5182
950 453 1013 586 'st

43 692 169 774 humeto
184 697 359 768 tradidere.
372 681 375 685 ’
403 699 531 768 Circuit
542 706 600 766 mi.
613 697 648 766 X
651 699 748 784 Villa
769 678 1012 792 tn'qualalco.

43 831 95 874 nes
110 805 255 896 quolibet
269 825 357 869 anno
369 801 481 892 pullos
495 806 649 868 nutriunt
662 825 750 870 auos.

415 977 623 1003 ,..-.......

493 1157 555 1228 23.

41 1259 211 1384 Legimus
230 1297 401 1387 equidem,
423 1302 471 1364 mi
484 1297 624 1365 Iordane
644 1309 755 1385 pater,
777 1297 890 1362 multis
905 1293 1014 1364 Graes

40 1421 150 1464 conum
178 1399 354 1463 annalibus
382 1395 507 1463 riomen
530 1399 631 1464 huius
658 1398 787 1471 insulae
813 1398 1015 1466 discordare.

40 1500 77 1564 Et
89 1506 198 1586 primo
213 1498 428 1565 Aristotiles
441 1499 634 1567 Mellidam
648 1501 743 1580 dicit}
766 1499 806 1562 de
821 1521 888 1584 quo
902 1505 1016 1564 nomi-

39 1624 76 1665 ne
90 1603 249 1677 Plinius,
271 1599 527 1666 ababunduntia
541 1600 650 1666 mellis
666 1606 702 1664 in
716 1599 886 1664 montibus
901 1620 1017 1664 caver-

39 1709 138 1783 nosis,
161 1689 354 1766 concordet.
401 1701 581 1788 Georgius
593 1703 796 1788 Zephyrum
811 1723 830 1764 a
844 1710 942 1784 vento
956 1699 1016 1764 illo

38 1809 139 1890 quiin
154 1802 277 1867 eodem
289 1811 405 1886 regnat
420 1801 505 1870 loco..
550 1802 795 1868 callimachus
810 1798 1018 1866 Numalida

39 1905 199 1967 adomina
222 1907 272 1966 sic
286 1903 380 1968 dicta.
424 1901 641 1969 Heraclides
659 1901 835 1988 Simpbim
852 1922 871 1965 a
890 1902 1016 1973 sibilo,

38 2011 108 2091 quia
121 2025 227 2090 aquae
246 2003 478 2067 descendentes
494 2013 526 2066 et
541 2003 692 2067 cadentes
706 2013 863 2088 tanquam
880 1993 1017 2066 sibilum
1033 1999 1037 2008 ’

38 2111 176 2169 sonitum
204 2109 365 2168 emittant.
407 2103 518 2168 Hodie
538 2125 618 2168 vero
643 2103 781 2190 Mylas,
803 2102 893 2188 quod
915 2104 1016 2168 latine

36 2205 286 2270 molendinum
308 2214 417 2281 sonat,
433 2208 515 2290 'quia
536 2225 598 2290 per
620 2225 735 2268 omnes
757 2213 920 2266 contrahas
942 2201 1016 2266 illas

35 2305 153 2392 lapides
168 2306 359 2371 molendini
371 2309 595 2384 inveniuntur,
618 2315 651 2368 et
662 2301 733 2368 fere
744 2309 780 2366 in
793 2303 874 2380 aliis,
883 2315 927 2366 ‘et
939 2301 1017 2368 ideo

35 2408 142 2474 Miles
161 2411 288 2472 merito
310 2406 405 2470 dicta
449 2404 545 2484 Quae
562 2403 748 2490 inAagaeo
767 2407 963 2468 terminatur
985 2411 1018 2469 et

36 2521 143 2574 contra
172 2495 342 2572 Maleum
372 2511 642 2592 promontorium
671 2505 819 2571 elevatur
849 2503 1020 2568 altissima.

35 2609 153 2674 Sardus
168 2608 227 2672 hic
246 2612 414 2671 invenitur
428 2607 512 2694 lapis
526 2628 641 2693 saepe,
663 2612 721 2693 qui
735 2605 891 2670 desubter
904 2611 1018 2690 niger,

35 2710 66 2769 in
83 2708 195 2772 medio
217 2708 396 2787 candidus,
419 2720 451 2771 et
466 2709 611 2794 desuper
628 2707 754 2772 rubeus
770 2703 1017 2785 manifestatur,

35 2819 62 2871 et
75 2821 204 2872 castum
217 2806 388 2873 furentem
403 2809 521 2884 reddit.
564 2808 631 2873 Hic
645 2829 707 2870 rex
718 2803 930 2870 Athenarum
946 2805 1019 2871 Mi·

35 2911 207 2984 nischeus,
231 2907 447 2973 Demofontis
466 2907 569 2973 frater
583 2919 615 2984 ct
627 2907 752 2971 Thesei
765 2906 865 2984 filius,
888 2905 929 2970 dc
943 2906 1018 2971 bel-

31 3009 63 3074 lo
82 3011 247 3075 Troiano
263 3021 449 3090 revertens,
471 3010 646 3096 applicuit,
667 3013 837 3095 marisque
859 2997 1018 3096 procellis

34 3122 62 3174 et
77 3134 206 3176 nausea
219 3111 410 3190 lacessitus,
431 3112 602 3190 occubuit,
624 3116 695 3190 eui,
714 3129 820 3196 usque
833 3115 869 3174 in
882 3109 1020 3176 hodier·

31 3234 109 3277 mun
126 3215 221 3278 diem
234 3211 432 3278 honorabile
448 3211 674 3298 sepulchrum,
695 3212 863 3297 epitaphio
877 3213 1020 3298 sculpto,

32 3316 266 3380 condiderunt.
289 3311 417 3376 Circuit
428 3318 518 3378 enim
530 3317 587 3378 mi.
600 3311 753 3378 LXXX.
778 3311 882 3377 Cuius
895 3318 933 3377 in'
943 3335 1019 3378 me-

32 3417 82 3481 dio
96 3418 140 3481 ad
153 3421 307 3480 trionem
319 3423 437 3499 portus
454 3411 680 3478 nobilissimus
695 3419 844 3500 aperitur
855 3437 1020 3503 equarum
1115 3479 1118 3482 .

29 3518 285 3582 medicinalium
306 3514 477 3598 sulphuris
497 3519 708 3580 existentium
728 3520 765 3578 in
787 3521 955 3581 circium:
980 3517 1020 3583 In

31 3641 93 3709 quo
110 3623 219 3682 turris
236 3628 271 3680 et
286 3616 404 3703 planus
422 3625 561 3702 apparet
573 3617 728 3708 domibus
742 3615 917 3703 aliquibus.
940 3601 944 3609 ¹
959 3613 1019 3681 Ab

27 3741 159 3784 cavero
174 3728 278 3806 parte
295 3739 378 3805 quae
399 3729 448 3781 est
468 3722 555 3783 inter
569 3722 731 3784 orientem
747 3723 956 3803 trionemque
970 3722 1020 3781 ci-

27 3826 106 3885 vitas
121 3819 281 3884 elevatam
294 3823 522 3884 munitissima.
564 3817 604 3882 ln
622 3841 688 3905 qua
701 3807 1019 3901 eveniumaneipii,

27 3932 123 4008 capto
144 3929 327 4006 tempore,
349 3931 526 4006 postquam
546 3926 632 3985 cives
654 3921 732 3986 hinc
751 3922 829 3985 inde
845 3926 880 3984 in
894 3920 1020 3986 labori·

24 4019 103 4106 bus,
125 4021 348 4106 accedentes,
376 4022 549 4090 castellum
568 4023 885 4091 dictaeinvaserunt
904 4032 937 4088 et
956 4021 1020 4088 do,

786 4122 812 4194 F
