2742 5182
1011 471 1061 568 ‘aa

86 679 344 785 prospectabant.
389 687 545 772 Quorum
561 695 597 755 in
612 687 723 754 medio
736 693 837 755 turris
851 693 1004 776 erigitur,
1028 695 1065 758 in

90 820 149 883 qua
162 805 237 882 post
251 794 489 890 desolationem
502 792 685 881 templique
700 798 977 858 caerimoniarum
989 794 1066 860 ido·

88 897 191 962 lorum
208 896 319 960 coloni
340 893 543 959 recreabant.

185 1047 386 1135 Virgilius:
412 1093 428 1107 .·

125 1173 331 1254 „Haeseron
374 1172 467 1228 Haec
474 1169 583 1250 sensae
600 1181 669 1228 tuto
678 1169 897 1249 placidiaaimo
905 1181 1003 1250 portu

123 1276 268 1353 Accipit,
291 1285 322 1332 et
333 1275 439 1352 greaai
454 1292 637 1330 veneramur
654 1272 819 1349 Apollinis
834 1273 939 1331 urbem
947 1317 960 1345 ,

131 1375 256 1454 Templa
272 1377 337 1434 Dei
351 1395 426 1434 saxo
442 1373 614 1432 venerabar
635 1384 759 1430 structa
775 1376 937 1432 vetusto.“
1016 1452 1020 1460 Ι

465 1533 673 1552 m

541 1727 603 1796 33.

81 1865 158 1967 Est
174 1903 214 1969 ad
235 1925 396 1969 occasum
414 1902 513 1967 Sada
535 1901 634 1967 hodie
655 1903 740 1970 dieta
760 1903 838 1970 XL.
859 1911 916 1970 mi.
936 1911 972 1971 in
994 1915 1062 1974 cir-

82 2012 144 2068 cuit
168 2053 175 2070 .
219 2005 317 2084 Quae
333 2008 413 2070 olim
429 2007 514 2068 lara
529 2001 581 2068 vel
599 2005 725 2077 Geras,
749 2007 848 2071 latine
862 2031 987 2081 senex,
1007 2011 1061 2077 vel

84 2128 187 2172 sanus
199 2112 447 2193 inte1pretatur.
489 2103 529 2168 In
544 2103 610 2168 hoc
622 2111 733 2192 itaque
747 2110 885 2195 scopulo
900 2112 970 2175 dux
984 2117 1061 2198 qui-

84 2206 154 2271 dam
169 2207 311 2271 Calaber
326 2206 443 2271 Sidim
458 2207 563 2269 dictus
586 2212 753 2293 pervenit,
776 2209 857 2294 dum
878 2210 918 2275 de
939 2230 1061 2298 magna

84 2305 216 2374 Graecia
235 2320 268 2372 et
289 2313 416 2371 civitate
430 2308 622 2396 Scyllaeon
636 2308 824 2386 recedebat,
848 2317 905 2396 qui
919 2333 936 2374 a
950 2319 1060 2375 mani·

82 2405 139 2470 bus
154 2431 295 2474 suorum
308 2407 481 2493 aufugerat
493 2413 723 2489 inimicorum3
746 2419 778 2473 et
790 2422 943 2495 peractus
957 2419 1059 2478 nimia

81 2518 276 2596 tempestate,
298 2514 365 2573 iam
379 2508 457 2571 fessi
472 2519 600 2585 nautae,
622 2520 761 2594 propter
775 2511 903 2574 obitum
919 2535 957 2576 eo
972 2524 1059 2578 tem-

80 2625 157 2695 pore
178 2617 266 2696 regis
288 2609 416 2674 insulae
439 2607 556 2686 huius,
580 2609 694 2674 Sidim
718 2613 754 2673 in
774 2617 950 2698 coniugem
969 2620 1060 2699 regi-

80 2729 153 2777 nam
168 2717 309 2799 accepit,
331 2722 509 2797 postquam
524 2710 626 2774 {unus
637 2714 700 2773 ·sui
715 2715 778 2774 viri
791 2711 880 2775 laute
897 2735 936 2776 eo
951 2719 986 2778 in
1005 2714 1060 2779 lo-

82 2833 117 2875 eo
132 2813 269 2878 finierat.
312 2812 418 2898 Igitur
433 2833 512 2874 cum
526 2814 593 2874 iam
611 2809 668 2874 diu
688 2813 759 2873 sine
773 2812 869 2897 prole
888 2826 1058 2899 regnaret,

81 2911 178 2979 filiam
197 2923 401 3001 procreavit,
424 2933 524 3000 quam
541 2909 678 2975 Suriam
700 2911 937 2992 denominant,
959 2937 1058 3003 aqua

79 3015 183 3080 insula
195 3036 323 3080 nomen
338 3017 473 3099 accepit.
507 3011 543 3076 N
544 3033 611 3076 unc
624 3034 703 3076 vero
719 3011 760 3075 ad
775 3019 1058 3100 comparationem

78 3121 327 3201 praeteritorum
343 3126 534 3199 temporum
546 3111 631 3175 nihil
643 3122 825 3198 reputatur,
847 3119 924 3201 quia
938 3119 1058 3184 ordea-

80 3235 133 3278 ceo
146 3238 231 3302 pane
247 3239 325 3279 eum
340 3214 488 3278 narrabis
505 3223 536 3276 et
551 3212 731 3297 aegharum
745 3215 899 3279 canabus
914 3239 1057 3284 vescun-

78 3325 143 3394 tur,
163 3323 312 3381 maximo
328 3322 511 3402 piratarum
526 3320 656 3377 timore.
700 3315 790 3400 Ergo
809 3338 927 3383 eorum
940 3327 1005 3386 tite
1019 3327 1056 3388 in

78 3421 232 3482 anxietate
246 3423 402 3506 ponitur,
425 3422 574 3506 quamvis
595 3428 734 3502 propter
749 3417 880 3504 prolem
896 3431 927 3484 et
946 3421 1056 3487 affini-

77 3525 170 3582 tatem
184 3530 217 3583 et
230 3524 450 3584 intrinsecum
465 3537 613 3580 amorem
630 3523 754 3603 patriae
772 3530 1004 3586 conteneantur
1017 3529 1054 3589 in

76 3615 155 3682 loco.
196 3622 259 3684 Est
277 3624 415 3696 etenim,
435 3627 474 3681 ut
489 3617 633 3694 videtur,
656 3619 697 3681 ad
712 3623 855 3683 trionem
876 3626 1053 3705 Capraria

76 3720 255 3804 scopulus,
269 3727 306 3784 in
321 3742 405 3807 quo,
427 3729 465 3782 ut
479 3722 579 3796 aiunt,
604 3724 738 3806 spiritus
751 3731 974 3805 pervagantur
986 3727 1053 3786 im-

75 3820 201 3898 mundi,
224 3832 274 3899 et,
295 3822 377 3884 dum
390 3841 488 3884 naves
502 3841 609 3906 prope
625 3830 805 3897 transeunt,
828 3823 880 3885 vel
894 3827 930 3886 in
944 3835 1052 3905 nocte,

75 3937 148 3982 casu
175 3932 368 4000 morantur,
401 3933 510 3987 tantus
541 3925 695 4008 strepitus
722 3931 753 3985 et
776 3927 904 4007 rugitus
928 3940 1051 3991 vocum

73 4023 221 4105 erigitur,
246 4024 337 4111 quod
351 4024 546 4118 eoelumque
560 4033 649 4090 terra
664 4043 763 4088 ruere
776 4022 922 4108 udatur,
944 4035 974 4092 et
988 4049 1050 4096 vo·
