2742 5182
288 585 417 670 pluries
432 589 468 650 in
481 603 568 650 anno
583 579 713 646 idolum
725 583 875 658 visitare,
897 577 953 644 hie
966 577 1193 648 habitaculum
1207 579 1271 668 op]

288 687 452 774 petebant.
495 684 649 769 Cumque
672 682 773 746 semet
798 682 904 747 Turci
929 705 991 769 per
1017 685 1163 748 insulam
1187 708 1271 749 rue-

287 797 379 866 rent,
401 785 607 861 Celoiesnm,
630 788 741 847 virum
751 782 818 847 Dei
838 785 1045 862 odorantem,
1067 791 1104 849 in
1125 787 1269 872 quodam

286 893 486 953 invenerunt
508 885 682 972 spelunca,
712 895 745 946 et
764 883 848 948 dum'
867 892 1042 972 sis-spitum
1064 885 1206 967 faciunt,
1229 897 1269 950 ut

286 993 401 1073 ipsum
416 997 580 1074 caperent,
594 985 752 1070 spelunca
763 989 831 1049 ruit
843 989 879 1047 in
891 989 1006 1064 imum,
1020 990 1056 1051 in
1072 983 1135 1075 qno
1150 1011 1268 1052 omnes

286 1093 352 1154 nisi
372 1088 543 1152 Goloierus
562 1089 744 1172 peiierunt
787 1084 881 1150 Haec
904 1093 1026 1151 etenim
1045 1111 1112 1152 uno
1134 1111 1176 1153 ex
1194 1089 1269 1176 ey-

286 1189 435 1254 cladibus
450 1189 535 1252 dicto
552 1199 582 1251 et
596 1193 631 1249 in
645 1185 780 1270 Aegaeo
799 1193 885 1250 mori
901 1193 976 1264 sito,
1001 1186 1120 1252 XXX.
1136 1193 1194 1252 eir.
1208 1192 1267 1254 mis

287 1290 381 1369 Quae
400 1311 478 1353 cum
497 1298 597 1374 postu
611 1297 643 1348 et
656 1287 747 1350 molo
763 1292 1009 1374 antiquissisn03
1032 1289 1072 1352 od
1089 1287 1268 1356 meridiem

176 1437 180 1446 «
286 1391 509 1480 Stephanus,
534 1389 730 1472 Georgius,
753 1388 1002 1473 Iohannesque
1023 1389 1269 1456 sanctiheben-

283 1504 358 1572 tur3
378 1501 409 1554 et
423 1491 542 1555 Sancto
554 1489 670 1554 Anna
692 1489 733 1552 od
755 1493 916 1552 orientem
936 1487 1165 1556 manifestetur
1185 1512 1268 1558 eum

283 1591 492 1660 Pondermo
510 1601 618 1676 postu.
662 1588 756 1669 Quae
771 1589 861 1654 arida
879 1598 947 1654 toto
969 1599 1047 1656 cum
1067 1597 1155 1678 aegis
1171 1591 1268 1672 mul-

283 1699 323 1760 tis
338 1691 584 1778 comprobatur.
1186 1695 1190 1700 “

389 1843 585 1932 Virgilius:

323 1977 348 2046 ὐ
355 1970 523 2054 Errantem
539 1969 642 2027 Micos
660 1967 746 2025 celsa
765 1968 923 2046 Gioroque
937 1969 1084 2028 revinxit.
1092 1964 1114 2036 ‘f

664 2139 872 2154 m

736 2323 798 2394 δὲ.

277 2465 412 2572 Restat
429 2521 521 2564 nune
541 2499 686 2577 insulem
708 2498 854 2562 indicere
874 2497 981 2577 Deli,
1011 2499 1051 2563 de
1073 2523 1138 2588 qua
1160 2523 1261 2588 saepe

276 2610 363 2670 inter
376 2613 527 2668 auctores
542 2599 683 2663 habetor
696 2605 837 2682 mentio,
859 2611 890 2665 et
903 2600 1171 2666 famosissimam
1185 2625 1261 2669 me-

278 2707 333 2772 dio
355 2702 542 2792 Cycladum
565 2699 810 2786 exsplendebet.
861 2701 972 2780 Quem
995 2701 1076 2766 olim
1096 2703 1260 2771 mobilem
1356 2733 1357 2803 ἦ

275 2813 418 2876 vetustas
439 2809 572 2883 asserit3
595 2815 626 2866 et
640 2804 753 2866 multis
774 2808 810 2866 in
822 2802 930 2865 modis
950 2813 1063 2867 vocata
1077 2801 1155 2866 suit:
1179 2805 1259 2872 De.

277 2911 351 2978 los,
373 2906 545 2983 Asteria,
572 2912 734 2987 Corano,
765 2902 906 2986 Midio,
935 2903 1073 2988 lagia,
1108 2911 1256 2982 Cincio,

274 3009 446 3094 Purpiie,
468 3017 501 3070 et
519 3028 611 3069 nune
630 3005 749 3068 Sdiles
769 3004 854 3066 dicto
877 3014 933 3066 est.
976 3004 1030 3068 De
1053 3031 1118 3096 qua
1138 3011 1257 3093 politae

274 3108 382 3174 taliter
405 3107 548 3170 finxere:
576 3105 698 3168 Iovem·
709 3103 891 3182 Latonam,
920 3103 980 3169 Cei
1005 3113 1113 3173 titanis
1133 3107 1256 3190 filiam,
1354 3107 1355 3128 ¹

273 3214 419 3283 vitiasse,
441 3206 686 3290 Iunonemque,
714 3225 792 3268 oum
813 3229 855 3270 ex
879 3228 918 3270 eo
938 3210 1107 3294 gravidam
1128 3233 1257 3298 cogno-

272 3315 382 3385 visset,
398 3305 439 3369 ed
455 3327 528 3368 eom
540 3303 807 3390 persequendam
824 3310 991 3376 Fitonem
1003 3314 1143 3374 misisse.
1175 3311 1254 3392 Quo
1353 3299 1354 3354 7

272 3417 494 3498 persequente
507 3410 580 3490 ipsa
595 3409 721 3467 cunctis
734 3407 925 3492 regionibus
940 3407 1125 3494 fugabatur.
1158 3411 1256 3491 Ten-

273 3511 350 3574 dem
372 3531 391 3572 o
412 3528 527 3572 sorore
546 3501 696 3583 Asteria,
718 3510 839 3570 iamin
859 3510 1003 3573 insulem
1021 3522 1254 3595 transmutato,

271 3629 307 3675 se
331 3609 484 3674 litoribus
508 3608 696 3694 applicans,
721 3607 821 3670 edidit
835 3606 1031 3694 Apollinem
1054 3622 1084 3674 et
1106 3612 1253 3681 Dionem

155 3737 160 3754 ¹
270 3733 340 3775 uno
360 3719 474 3796 partu,
498 3713 679 3796 quistatim
699 3712 808 3771 occiso
823 3705 938 3773 Fitone
959 3711 1050 3773 ultus
1071 3724 1120 3776 est
1135 3722 1252 3780 mettis

268 3815 434 3878 iniuriam.
489 3808 658 3872 Asserunt
689 3814 787 3873 maini
817 3815 1014 3893 posturienti
1042 3811 1188 3879 Dionem
1219 3827 1252 3880 et

270 3908 468 3999 Apollinem
482 3911 675 3998 praebuisse
689 3907 836 3976 officitnn
850 3897 1058 3979 obstemcis(
1081 3911 1181 3982 Unde
1196 3938 1252 3981 er·
1351 3889 1352 3949 ¹
