2742 5182
1045 475 1098 548 fil

233 760 237 766 .
551 691 556 703 ’
584 677 622 751 7··

109 771 248 884 Restat
265 837 373 896 nuno,
395 813 553 897 Iordane,
575 790 690 900 Pater,
711 825 748 886 in
767 817 832 888 hoc
845 819 940 890 Ionio
956 805 1044 890 mari
1054 824 1098 892 ad

107 932 265 986 austrum
285 919 441 1007 scopulos
460 917 521 986 tibi
535 922 763 991 demonstrare
777 931 1019 1006 sanctissimos,
1040 934 1105 1015 qui

109 1020 196 1086 olim
210 1022 467 1087 obsecratissimi
482 1021 698 1102 habebantur,
715 1026 847 1092 Plotae
861 1028 976 1106 dictas,
996 1037 1097 1096 unius
1135 1097 1141 1106 ,

107 1123 260 1190 milliarii
276 1129 312 1187 in
327 1127 477 1204 circuitu,
499 1125 617 1190 deinde
632 1126 892 1202 Echinnadae,
913 1129 954 1194 ab
969 1129 1099 1198 Echin-

108 1229 183 1304 uis‚
205 1224 353 1312 piscibus
374 1232 411 1290 in
423 1225 577 1294 Acheloo
598 1226 737 1292 flumine
756 1235 962 1320 propinquo,
983 1244 1098 1320 postea

110 1325 337 1412 Strophades
350 1350 369 1392 a
384 1327 537 1415 Strophe
549 1351 684 1416 graeoe,
705 1334 864 1396 reversio
879 1331 978 1396 latine
992 1338 1099 1399 inter-

108 1439 272 1514 pretatur.
315 1427 354 1493 In
370 1452 407 1494 ea
426 1436 527 1515 igitur
549 1427 736 1494 fraternitas
752 1425 984 1498 Coloierorum
1004 1453 1098 1500 rese·
1209 1467 1213 1476 ,

111 1529 178 1610 dit,
207 1554 292 1619 quae
314 1554 392 1597 cum
411 1531 625 1620 piscibusque
651 1549 737 1618 aqua
757 1553 908 1618 asperam
928 1534 1027 1600 trahit
1046 1542 1102 1602 vi-.

110 1632 191 1698 tam.
232 1633 277 1698 Et
291 1639 383 1722 quia,
408 1631 511 1698 semel
525 1657 544 1700 a
558 1633 708 1699 barbaris
725 1639 861 1721 captivi,
883 1656 998 1701 omnes
1015 1645 1099 1702 ve‘n·

111 1735 174 1800 diti
193 1734 347 1815 fuerunt,
368 1735 522 1802 moderni
546 1735 708 1816 colentes,
736 1746 775 1799 ut
792 1757 907 1801 secure
928 1744 1016 1804 narn
1031 1739 1098 1810 Dei

111 1837 333 1926 contemplari
361 1850 515 1926 possent,
549 1841 669 1902 turrim
700 1836 930 1919 aedificavere,
967 1845 1004 1904 in
1032 1863 1099 1932 qua

111 1945 306 2008 veronicam
323 1951 445 2026 gerunt
456 1939 703 2020 heremiticam,
725 1950 757 2003 et
773 1962 815 2004 ex
831 1947 923 2004 omni
936 1949 1098 2028 progenie

110 2041 191 2132 plus
221 2064 323 2129 quam
352 2047 590 2131 quinquaginta
615 2041 664 2107 ibi
696 2040 871 2105 coadunati
895 2056 1098 2110 recreantur.

108 2141 206 2209 Haec
221 2148 339 2230 igitur,
366 2165 443 2206 cum
459 2165 561 2232 parva
574 2147 783 2240 propinquo,
805 2152 956 2230 tempore
969 2143 1098 2227 Phinei,

107 2250 200 2331 segis
213 2244 394 2324 Arcadiae,
418 2249 564 2333 spiratis
579 2243 740 2314 habitatae
756 2241 868 2326 suere3
892 2257 1020 2310 certum
1038 2258 1098 2326 est,

110 2353 189 2437 qui,
217 2353 356 2414 scientes
380 2351 493 2434 ipsum
517 2346 604 2411 filios
632 2369 733 2413 suasu
753 2345 948 2434 Arpalicae,
977 2370 1097 2418 eorum

109 2471 291 2528 novercae,
314 2470 473 2526 morasse,
497 2459 530 2514 et
544 2446 699 2514 inhuius
713 2449 848 2516 sceleris
860 2449 1025 2516 ultionem
1036 2471 1097 2514 us-

109 2573 178 2642 que
201 2557 238 2615 in
257 2550 438 2616 Arcadiam
457 2548 625 2616 Phineum
652 2550 857 2618 obsederunt
876 2560 909 2618 et
928 2551 972 2618 ad
993 2555 1099 2618 mise-

107 2660 198 2720 riam
215 2653 432 2718 reduxeramt,
476 2651 571 2732 Quos
593 2651 695 2718 Cetus
718 2664 751 2718 et
773 2651 899 2730 Calais,
920 2649 1096 2738 Arpalicos

108 2754 248 2835 hanes,
271 2753 489 2842 fugaverunt,
509 2753 906 2843 ipsumque‘Phineuma
923 2758 1039 2840 piratis
1054 2751 1099 2818 li-

107 2857 270 2941 beravere
287 2867 322 2921 et
341 2861 464 2944 pirama
486 2877 594 2942 usque
615 2855 658 2920 ad
680 2861 758 2920 istas
779 2854 939 2940 pepulere
960 2854 1106 2934 insaln,

106 2961 202 3046 Ergo
234 2964 300 3046 ipsi
326 2964 461 3025 iuvenes
486 2957 644 3024 dixeram
663 2955 906 3046 Strophades,
938 2953 1005 3020 hoc
1031 2964 1097 3020 est:

107 3065 337 3128 reversionem
363 3067 583 3126 immutavere
612 3059 742 3126 insulis.
797 3059 969 3146 Tempore
994 3061 1098 3142 igitur

107 3163 264 3242 Aeneae,
287 3168 345 3251 qui
365 3163 504 3228 aTroia
517 3161 701 3250 profugus,
724 3173 839 3250 petens
854 3160 997 3236 ltaliam,
1019 3180 1098 3225 cum

108 3263 167 3331 hic
179 3265 410 3353 applicuisset,
434 3271 569 3354 suisque
584 3264 761 3330 comitibus
774 3262 1003 3350 epulantibus,
1026 3256 1097 3326 Ar-

108 3374 203 3456 piae,
232 3367 273 3430 de
293 3364 440 3432 Arcadia
462 3367 595 3452 pulsae,
622 3365 682 3434 has
704 3366 830 3432 insulas
852 3364 1013 3440 colentes,
1035 3382 1105 3449 pa‹x

108 3469 192 3534 bula
213 3479 270 3534 aut
296 3467 468 3556 rapiebant
489 3468 677 3554 unguibus,
707 3479 764 3532 sut
790 3477 881 3530 tactu
902 3463 1097 3532 foedissimo

107 3571 321 3660 polluebant,
340 3569 428 3634 stab
442 3575 490 3636 eis
505 3569 597 3635 ferro
611 3569 782 3659 expulsae,
803 3565 959 3646 Celaeno,
980 3583 1098 3632 aarum

110 3680 277 3752 maxima,
299 3673 398 3738 dixit:

220 3793 417 3882 Virgilius:

155 3962 179 3991 „
186 3917 280 3978 Ibitis
293 3919 427 3980 Italiam
435 3960 447 3988 ,
463 3929 632 3998 portasque
651 3919 773 3976 intrare
794 3909 918 3971 licebit:

156 4019 221 4084 sed
232 4042 293 4081 non
308 4032 384 4081 ante
398 4017 509 4080 datam
525 4021 661 4100 cingetis
674 4014 834 4077 monachice
847 4009 976 4083 urbem,
