2742 5182
85 643 124 708 go
139 619 280 685 Dianam
293 621 456 704 virginem
468 618 599 707 fingant
611 621 672 685 sub
686 619 836 687 Lucinae
850 624 996 703 nomine,
1008 646 1058 688 eo

87 722 171 808 quod
192 722 260 784 luci
286 723 402 785 reddat
429 719 588 800 infinitos,
620 723 879 806 parturientibus
903 729 1060 790 invocari.

85 822 204 900 Diana,
232 826 383 886 omnium
404 819 475 883 sere
497 827 685 886 testimonio
705 825 897 906 patmum,
920 824 1006 889 loris
1028 837 1060 889 et

85 921 226 986 Latonae
242 921 305 985 fuit
318 922 394 984 iilia.
436 921 473 984 H
475 944 535 985 nnc
548 931 674 984 veteres
695 927 860 1007 insignem
872 929 1059 1010 virginitate

84 1033 240 1107 perpetua
259 1023 409 1086 voluere
443 1021 487 1084 Et
503 1022 653 1109 quidem,
677 1033 789 1108 spreto
806 1029 958 1090 omnium
977 1047 1061 1092 eon-

86 1128 192 1199 sortio,
214 1122 444 1187 venationibus
460 1143 598 1210 operam
613 1123 710 1186 dedit.
752 1123 940 1203 Quaerebat
953 1131 988 1190 in
1002 1129 1062 1192 sil-

86 1227 130 1286 vis
148 1245 224 1286 cum
240 1222 320 1286 luna
333 1227 368 1284 in
381 1234 477 1286 nocte
498 1221 600 1300 feras,
622 1229 653 1285 et
667 1245 746 1287 eum
765 1247 827 1288 suo
841 1223 966 1310 frigore
979 1251 1063 1293 con.

87 1328 301 1408 cupiscentias
321 1343 478 1388 venereas
501 1324 696 1408 expellebat.
744 1323 808 1386 His
828 1331 932 1411 igitur
956 1328 997 1392 ab
1025 1351 1064 1398 ea

85 1425 272 1501 observatis,
292 1421 379 1488 hanc
394 1435 520 1488 veteres
535 1424 650 1488 lunam
666 1445 738 1488 esse
751 1426 938 1506 credidere,
960 1439 993 1492 et
1008 1453 1063 1496 se-

86 1545 159 1587 cum
178 1525 295 1589 lunam
309 1529 500 1603 iniunxere,
524 1535 621 1613 atque
636 1530 864 1591 circumcirca
879 1549 995 1594 arcum
1009 1553 1064 1595 sa-

84 1630 240 1715 gittasque
257 1647 276 1689 a
293 1625 394 1688 latere
414 1645 577 1710 posuere,
597 1636 629 1688 et
647 1645 826 1690 nemorum
839 1625 949 1692 Doara
963 1651 1063 1695 voca·

84 1747 172 1804 vere,
194 1737 226 1790 et
243 1732 371 1790 circum
386 1731 473 1789 circa
487 1725 655 1812 nymphas
671 1727 884 1807 collocavere,
905 1739 1064 1818 tanquam

86 1831 231 1912 ipsarum
256 1827 381 1904 Deam,
410 1849 454 1889 sc.
480 1826 652 1913 Dryades,
683 1825 848 1906 Oreades,
878 1828 1003 1894 Naides
1032 1843 1065 1897 et

86 1928 263 2010 Nereides,
292 1951 377 2022 quae
398 1933 484 1992 iuter
505 1925 652 1992 Graecos
672 1927 772 1992 hodie
794 1941 1009 2013 venerantur,
1032 1946 1065 2000 et

86 2028 248 2096 affirmant
263 2029 444 2118 quamlibet
465 2051 622 2094 exercere
645 2027 792 2092 officium
811 2051 921 2095 suum.
962 2032 1064 2102 Luna

87 2152 163 2216 ergo
178 2142 287 2195 mater
301 2142 349 2194 est
365 2129 534 2212 lnnnoris3
557 2129 657 2195 habet
669 2133 705 2192 in
719 2129 824 2207 silvis,
845 2135 881 2194 in
892 2133 1063 2200 montibus

86 2241 116 2294 et
132 2236 167 2295 in
177 2237 265 2296 mari
280 2242 312 2296 et
324 2237 360 2294 in
373 2229 521 2295 sontibus
533 2229 712 2296 humorem
724 2231 956 2317 multiplicare,
980 2244 1012 2299 et
1027 2242 1065 2303 in

86 2339 168 2418 agris
188 2331 323 2411 herbas,
336 2335 377 2396 'et
391 2337 720 2417 semina-procreare.
762 2329 858 2395 Haec
873 2338 963 2397 enim
975 2330 1082 2400 Pro-'

87 2441 214 2521 serpina
229 2433 318 2497 dicta
337 2443 394 2496 est.
438 2433 596 2496 Similiter
611 2442 643 2495 et
654 2429 782 2516 Apollo
798 2431 934 2497 diversis
951 2441 1065 2500 nomia

86 2536 196 2614 nibus,
214 2533 403 2599 seeundum
420 2533 563 2598 diversas
577 2532 746 2596 attributas
759 2541 931 2616 potentias,
951 2542 1064 2601 nomi-

87 2648 181 2701 natur
195 2635 396 2725 quandoque
411 2633 479 2712 Sol,
501 2633 669 2712 Phoebus,
692 2633 810 2710 Titan,
833 2645 864 2696 et
878 2657 897 2698 a
912 2635 1004 2714 loco,
1027 2651 1066 2703 ut

89 2724 213 2802 Delius.
234 2771 238 2775 Α
256 2736 337 2800 Duo
357 2741 458 2820 igitur
477 2739 616 2798 numina
635 2734 718 2798 haec
738 2732 816 2797 huic
835 2735 963 2800 insulae
983 2749 1064 2804 tuno

90 2837 217 2916 mobili,
246 2847 327 2900 tunc
349 2842 487 2912 emanti,
519 2835 630 2898 Diana
650 2843 881 2920 pernoctem,
906 2839 927 2900 i.
940 2859 967 2901 e.
984 2839 1066 2906 luna

90 2943 180 3023 prius
193 2950 270 3002 natu
283 2947 348 3013 cst,
372 2947 404 3000 et
418 2947 532 3024 postea
542 2947 640 3000 natus
653 2931 798 3021 Apollo,
819 2939 840 2997 i.
855 2957 881 2998 e.
898 2935 984 3017 dies,
1007 2947 1066 3028 qni

90 3060 148 3122 per
165 3041 271 3103 solem
290 3039 505 3102 illuminatur.
547 3037 663 3103 Delos
675 3059 808 3124 graece,
833 3042 1067 3124 manifestum

91 3139 201 3218 latine,
226 3143 304 3227 quia
317 3150 394 3224 post
408 3139 571 3204 diluvium
593 3142 746 3227 appamit
762 3144 799 3202 in
814 3151 911 3203 nocte
932 3148 1067 3228 vapori-

91 3239 149 3303 bus
169 3242 268 3304 lunae
291 3250 466 3304 aestuante.
508 3240 628 3304 Postea
647 3245 682 3304 in
703 3240 754 3303 die
777 3246 944 3327 sequenti,
964 3243 1066 3307 radiis

91 3341 249 3406 solaribus
269 3353 343 3406 eain
358 3341 635 3419 monstrantibus,
657 3343 810 3428 apparuit
821 3339 1011 3421 manifeste,
1035 3353 1068 3408 et
1102 3374 1106 3383 =

91 3442 162 3505 ideo
182 3443 322 3520 Delos,¹
345 3447 367 3505 i.
382 3465 408 3506 e.
419 3437 664 3519 manifestatio,
688 3465 767 3505 cum
785 3445 896 3527 primo
912 3441 1066 3530 Ortygia

91 3555 262 3609 vocaretur
276 3567 295 3607 a
307 3542 519 3607 multitudiue
539 3544 714 3629 perdicum
733 3541 780 3605 ibi
797 3541 1065 3608 coadunantium.

93 3641 207 3729 Ortyx
219 3643 346 3731 mace,
368 3643 468 3706 latine
479 3641 623 3732 perdix.
673 3643 812 3707 (lintius
825 3663 923 3706 mons
939 3641 987 3706 ibi
1001 3653 1069 3724 est3

93 3750 165 3832 quia
178 3752 214 3810 iu
229 3769 268 3811 eo
280 3747 356 3812 loco
371 3745 480 3810 Diana
498 3755 574 3809 nata
588 3755 637 3808 est
650 3755 682 3806 et
698 3744 774 3807 ideo
791 3742 967 3829 aliquando
984 3741 1068 3806 Cin-

91 3845 155 3912 tlria
169 3846 259 3915 dicta
274 3850 353 3914 erat:
394 3846 514 3912 Postea
532 3846 638 3910 dictus
654 3843 781 3932 Apollo
798 3865 821 3910 a·
836 3843 912 3910 filio·
922 3842 1067 3909 Vulcani
1141 3843 1145 3852 '
