2742 5182
1062 394 1142 476 aa

129 585 294 652 Sannum
305 582 560 674 Antoniumque
578 585 783 668 saluatorem
802 589 839 654 iu
854 592 950 656 unae
969 589 1116 677 quadem

128 688 416 774 quingenta'idola
425 694 818 757 omniummanerierum
836 697 871 756 in
885 691 982 760 fovea
995 714 1113 778 reper-

129 799 164 854 ta
173 799 264 852 siun.
307 788 344 852 N
347 811 412 852 uno
424 811 502 854 vero
515 790 558 854 ed
571 797 852 877 comparutionem
864 799 1017 882 uertiquas
1031 797 1113 858 civi«

128 893 205 954 tatis
221 889 358 954 *modica
374 901 431 954 est.
476 889 570 968 Quae
586 892 808 960 adorientem
824 905 1015 980 prospectat
1030 901 1114 962 etin

128 990 190 1055 IV.
205 989 311 1054 divisa
328 1002 494 1056 remanete
525 1013 669 1080 quarum
687 998 724 1056 in
744 999 855 1082 prima
873 999 1029 1080 magister
1047 995 1112 1062 lto·-

129 1091 258 1176 spitalis
271 1091 384 1155 Sancti
404 1090 559 1157 Iohannis
578 1093 717 1174 residet3
748 1093 893 1158 secunda
913 1118 934 1158 a
952 1093 1111 1162 fratribus

128 1193 210 1257 dicti
233 1193 359 1257 ordinis
382 1214 536 1280 possessa
559 1205 625 1275 este
654 1200 749 1260 tertia
771 1195 934 1288 bospitale
957 1201 1112 1283 ipsorum

128 1300 298 1375 visitatum
321 1304 438 1382 quarta
459 1303 492 1358 et
511 1295 629 1360 ultima
647 1318 667 1360 a
687 1297 926 1362 mercatoribus
947 1318 1111 1366 unacum

129 1394 270 1460 Graecis
296 1393 440 1459 habitata
463 1407 522 1460 est
573 1395 669 1476 Quae
694 1421 714 1462 a
736 1397 876 1462 Colosso
903 1397 1111 1466 Colossensis

128 1495 289 1560 scribitur
310 1494 450 1583 ubique.
490 1496 554 1562 Est
578 1504 669 1563 enim
695 1503 928 1564 amoenissima
959 1505 1112 1566 omnium

128 1597 318 1664 insuleom
327 1600 428 1660 maris
441 1598 673 1664 mediterranei
686 1596 993 1664 acunumiae
1016 1599 1111 1679 Quas

13 1711 15 1714 '
127 1703 224 1764 iuxta
242 1718 336 1762 mare
355 1720 375 1762 a
393 1709 488 1784 parte
509 1705 664 1787 ponentis
684 1699 725 1764 de
746 1709 851 1786 punto
869 1706 985 1766 trionis
1004 1725 1112 1788 usque

128 1800 174 1864 ad
195 1809 346 1864 austmm
363 1800 463 1886 plana
477 1801 634 1880 habetur,
661 1823 739 1866 cum
756 1802 954 1889 oppidisque
973 1803 1110 1868 ruribus

128 1902 179 1967 ibi
199 1903 434 1988 apparentibus
455 1905 579 1968 multis.
623 1902 779 1982 Quorum
796 1925 865 1967 una
878 1903 960 1968 olim
975 1915 1046 1968 erat
1062 1909 1112 1968 ci·-

50 2053 55 2059 .
128 2008 222 2068 vitas
234 2003 399 2069 Vasilica
413 2005 518 2083 dicta,
542 2027 627 2093 quae
643 2005 744 2070 latine
763 2006 982 2088 imperatrix
1000 2010 1111 2070 mani·-

128 2106 287 2184 festatur‚
310 2117 342 2172 et
361 2107 403 2172 ad
422 2106 567 2170 nihilum
586 2105 727 2170 redacta.
758 2140 761 2149 ‹
779 2103 838 2168 Ad
858 2117 1010 2171 austrum
1029 2127 1110 2172 vero

128 2217 339 2298 prosternata
360 2207 482 2295 oppida
504 2207 713 2273 dimetrum
735 2208 834 2295 plura
855 2208 1025 2285 videntur,
1050 2207 1110 2272 ubi

129 2310 338 2382 Palaebia,
371 2311 549 2396 Oretania
570 2327 606 2374 ec
625 2306 784 2396 qunea
805 2314 967 2387 eminent,
995 2306 1109 2374 fulcita

127 2418 335 2478 rusticorum
355 2420 386 2474 et
401 2409 553 2475 cultivate
571 2416 647 2475 satis
662 2433 740 2476 cum
754 2422 982 2476 armentorum
994 2410 1110 2474 multi-

128 2513 257 2578 tudine.
299 2510 358 2576 Ad
375 2515 536 2576 orientem
549 2533 753 2600 veroprope
770 2512 838 2578 salo
855 2533 975 2576 murus
987 2515 1110 2576 iinme-

104 2665 112 2674 .
128 2620 227 2680 nium
239 2613 389 2702 lapidum
403 2607 639 2702 quadratarum'
649 2636 711 2700 per
722 2623 918 2700 montesque
929 2611 1048 2690 valles,
1070 2621 1110 2676 ut

130 2719 241 2794 aiunt,
260 2715 448 2802 inceptabat
466 2723 500 2792 et
517 2714 662 2780 insulam
675 2714 853 2794 dividebat,
875 2719 967 2792 etsie
986 2713 1110 2797 indicat

129 2817 279 2888 datorum
295 2817 511 2880 dominorum
522 2813 626 2881 fuisse
641 2815 853 2883 dominium
873 2814 1033 2880 Lindum
1050 2815 1110 2878 de«

130 2924 234 3005 nique
252 2922 512 2992 munitissimum
529 2918 696 2995 videmus,
715 2921 752 2982 in
773 2937 954 3002 quotsacra
967 2914 1111 2980 Herculi

130 3017 236 3084 fuisse
256 3024 417 3096 instituta,
448 3031 655 3084 caeterorum
674 3023 742 3084 ritu
765 3014 911 3096 diversa,
937 3021 1014 3104 quia
1036 3038 1110 3084 car-

129 3143 211 3186 nem
224 3119 301 3184 Diis
316 3119 550 3186 sacrificabant.
594 3119 748 3206 Cumque
762 3140 832 3184 non
844 3140 951 3206 pauca
964 3116 1023 3194 sed
1035 3139 1111 3194 rna-

128 3244 262 3311 gnaque
278 3221 455 3306 mamilae
473 3243 535 3309 per
554 3226 731 3286 circuitum
745 3221 890 3288 desolata
903 3219 1052 3286 ridemus
1067 3219 1111 3302 lia,
1194 3271 1197 3276 .

128 3334 314 3400 treamenta,
329 3319 523 3406 Faradum,
540 3321 705 3391 Fundam
722 3323 845 3410 oppida
856 3328 1012 3409 petimus,
1031 3345 1110 3390 cum

129 3423 372 3512 Archangelo
390 3447 480 3516 rure.
520 3425 652 3490 Deinde
669 3422 839 3502 Rhodum
860 3431 1111 3510 appropinqua«
1165 3457 1170 3462 ·

129 3551 224 3606 mus,
245 3527 305 3592 ubi
317 3536 406 3592 tanta
418 3537 466 3592 est
480 3526 624 3592 viriditas
638 3525 798 3602 arbormn
813 3535 911 3610 atque
929 3528 1110 3604 mnoerdtas

130 3630 302 3705 locorum,
326 3626 417 3714 quod
435 3639 485 3691 est
504 3628 658 3692 mirabile
675 3626 717 3691 ad
737 3625 934 3703 videndum,
957 3635 990 3690 et
1010 3646 1110 3710 prae-

130 3736 247 3796 sertim
263 3729 467 3798 ,Pacuuium
489 3750 509 3792 a
527 3728 726 3794 Florentinis
752 3723 888 3792 factum.
936 3726 975 3790 In
996 3725 1109 3819 medio

130 3831 274 3917 denique
287 3829 425 3898 *insulae
443 3828 633 3896 Artemita
651 3850 749 3894 mous
776 3851 853 3905 cum
873 3827 1010 3892 flumine
1032 3825 1111 3890 Ga·

131 3929 228 3998 doro
238 3941 419 4018 patescunt.
462 3931 506 3996 Et
520 3953 539 3996 a
551 3932 643 4010 laeua
656 3953 715 3998 rus
730 3929 880 4016 Virginis
894 3927 1011 3994 Matris
1025 3925 1108 4024 Mtt-
