2764 5182
492 627 525 734 i·
552 639 614 712 28.

73 883 77 892 ,
142 799 293 878 Verba'
316 799 595 900 interpretatus
638 826 725 877 aum
761 803 977 904 praecipue
1017 827 1042 883 e

53 937 145 1030 styli
162 936 509 1010 Bondelmontiani
531 939 685 1012 ratione
711 937 884 1030 interna;
918 941 1043 1018 Italis·

51 1098 144 1146 mos
166 1089 295 1144 autem
315 1095 336 1144 e
358 1069 516 1170 linguae
534 1071 702 1171 vulgaris
720 1099 823 1176 quae
844 1075 940 1149 mihi
959 1095 1043 1154 erat

51 1209 150 1282 satis
176 1212 286 1280 tenui
311 1211 539 1306 cognitione
548 1233 560 1305 3
597 1208 854 1310 etymologias
878 1201 1041 1313 graecas

49 1361 137 1415 tum
154 1347 343 1442 temporis
364 1340 536 1416 adhibita
553 1340 688 1444 lingua
711 1369 856 1444 graeca
879 1347 1041 1427 hodier-

49 1505 125 1568 na,
155 1505 275 1578 quarn
290 1453 418 1578 probe
433 1496 553 1552 teneo
574 1495 613 1552 et
630 1478 696 1554 cui
710 1480 866 1555 Parisiis
883 1509 956 1582 per
972 1511 1042 1560 au·

49 1639 126 1687 nos
148 1613 245 1700 182'0
262 1632 301 1689 et
318 1587 385 1707 αι’,
414 1614 515 1688 duce
533 1629 572 1688 et
592 1615 753 1713 auspice
771 1615 814 1690 0.
829 1617 877 1690 B.
889 1620 1041 1704 Hosio,

50 1753 134 1824 viro
163 1751 206 1821 in
223 1745 283 1823 his
304 1747 425 1822 literis
448 1751 592 1842 unico,
622 1753 1040 1852 operam‘impendere

53 1889 197 1986 coepi:
232 1883 309 1960 hec
337 1885 427 1958 dico
455 1909 591 1958 omnes
616 1882 701 1958 fere
726 1907 823 1985 quas
848 1893 1041 1990 proponit

54 2017 317 2118 etymologias
336 2031 472 2092 noster
493 2019 691 2121 explicare
716 2038 755 2094 et
772 2021 950 2100 iudicare
965 2051 1041 2127 po·

50 2159 119 2230 tui.
169 2155 323 2258 Gangiz'
340 2153 542 2230 Glossaria
556 2172 600 2227 ut
618 2161 735 2230 etiam
754 2159 1041 2234 Reddimanni

50 2293 322 2368 Institutiones
347 2275 500 2364 contuli
517 2290 653 2391 quoad
677 2289 920 2369 latinitatem.
1011 2335 1018 2346 ·

486 2506 518 2612 t.
546 2467 610 2590 ἐς.

129 2694 258 2792 Quod
288 2693 348 2784 ad
374 2717 438 2768 res
473 2697 629 2786 attinet,
680 2697 961 2800 geographiam
995 2705 1038 2780 in

53 2838 160 2907 notis
188 2833 305 2906 unice
331 2833 504 2930 spectavi
514 2854 526 2924 3
555 2849 686 2904 cetera
711 2835 858 2906 intacta
882 2834 965 2912 fere
982 2836 1039 2912 di-

51 2975 232 3058 mittens,
269 2985 470 3052 auctorem
506 2965 636 3052 obiter
664 2965 786 3040 verbo
816 2974 1036 3071 corripere,

52 3106 121 3178 ubi
140 3120 362 3205 peccasset,
388 3105 507 3188 satius
526 3101 632 3176 duxi.
678 3105 890 3178 Poetarum
908 3125 1038 3185 autem

54 3241 305 3338 aliorumque
346 3256 520 3312 ueterum
558 3236 695 3330 locos,
748 3264 850 3338 quos
893 3248 1038 3321 excitat

7 3401 8 3406 ’
52 3383 215 3466 noster,
244 3371 410 3476 ubique,
438 3374 605 3474 ‘quando
633 3373 790 3473 quidem
814 3377 1038 3480 investigari

52 3527 256 3612 poterant,
285 3511 395 3610 quod
411 3513 567 3609 saepius
584 3508 679 3594 milri
696 3512 830 3582 iuveni
845 3535 928 3586 non
947 3541 1037 3592 suc.
1112 3559 1117 3579 t

53 3649 192 3740 cessit,
234 3645 373 3728 sedulo
418 3671 507 3719 cum
536 3641 708 3718 fontibus
742 3643 836 3744 ipsis
874 3651 1036 3754 contuli.

55 3760 351 3884 Geographiam
367 3805 461 3854 vero
480 3780 535 3852 ita
549 3784 713 3860 tractavi
736 3799 780 3852 ut
796 3779 844 3854 ad
866 3783 1039 3858 Cellarii

50 3921 377 4021 Aianuertique,
417 3914 546 3996 sicubi
577 3894 628 3994 de
653 3931 843 3990 veterum
871 3941 1038 4021 geogra-

354 4049 359 4058 ’
749 4052 781 4125 C
806 4077 829 4126 a
