2742 5182
1003 479 1055 594 9,
1160 509 1163 517 ,

77 781 140 888 N
134 839 196 894 une
209 821 361 905 ,petimus
381 825 518 902 portum
535 815 616 882 fessi
634 817 762 884 insulae
780 817 866 889 Nio.
908 819 1052 901 11111ςί-

77 935 128 986 tur
148 924 210 986 nio
226 939 359 1005 graece,
383 939 519 980 novum
534 917 652 996 latine,
674 919 727 984 vel
740 921 848 994 niom-
864 921 1053 992 ismara-

77 1025 141 1092 lis‚
164 1019 241 1108 quia
253 1019 394 1084 libenter
407 1023 444 1081 in
458 1019 648 1104 tempestate
661 1030 795 1084 ruentes
809 1018 900 1084 hunc
914 1035 1054 1108 portum

77 1122 252 1186 affectuose
268 1129 421 1205 appetere
439 1128 563 1182 curant.
606 1117 686 1184 XL.
703 1125 760 1184 cir.
774 1124 832 1184 mi.
874 1119 932 1198 Ad
947 1129 1053 1190 meri.

77 1225 162 1288 diem
175 1243 255 1286 vero
272 1219 435 1305 oppidum
452 1225 489 1284 in
503 1207 644 1286 sublime
658 1224 806 1305 positum
823 1229 888 1300 est,
911 1232 942 1286 et
956 1224 1051 1290 vallis

76 1346 93 1386 a
112 1323 209 1406 longe
222 1341 325 1406 parva
344 1342 422 1384 cum
441 1319 700 1384 foecundissimo
722 1313 843 1408 campo
855 1330 1002 1410 aperitur
1015 1330 1053 1394 in

75 1432 198 1499 totum,
228 1432 260 1484 et
280 1425 318 1484 in
338 1422 449 1506 partes
471 1419 595 1484 divisus
619 1442 639 1484 a
657 1421 841 1486 colenubus
861 1429 1052 1492 seminetur.

74 1523 113 1588 In
128 1543 201 1586 sero
222 1542 318 1605 erge,
344 1530 521 1606 postquam
534 1517 622 1584 ad
592 1541 747 1604 occasum
761 1535 958 1622 perventum
975 1531 1054 1607 erit,

74 1629 111 1688 in
129 1626 391 1686 munitissimum
405 1642 527 1706 magno
546 1608 661 1704 labore
676 1601 859 1686 ascendunt
869 1645 923 1688 cas
925 1625 1053 1696 tellum.
1072 1665 1075 1676 ·

75 1725 176 1788 Mane
190 1733 299 1786 autem
313 1719 410 1798 facto,
432 1720 557 1786 vetulas
575 1719 618 1786 ad
630 1721 869 1807 speculandum
882 1747 944 1812 per
956 1728 1054 1794 insu-

73 1825 157 1900 lam,
179 1833 253 1888 aute
278 1843 434 1886 auroram
455 1827 607 1900 mittunt,
631 1831 679 1900 et,
702 1820 776 1884 dato
802 1822 842 1885 ab
868 1830 913 1888 eis
941 1831 1053 1912 signo,

73 1909 194 2013 portae
206 1923 400 2010 panduntur
421 1927 458 1984 in
480 1931 603 1999 totum,
631 1931 664 1986 ot
689 1926 736 1984 sic
758 1927 858 1988 vitam
881 1934 1054 1995 trmrseunt

74 2049 152 2092 cum
178 2037 331 2090 tremore.
377 2024 546 2110 Tempore
569 2021 710 2110 denique
729 2043 822 2102 meo,
854 2024 935 2090 dum
958 2035 1053 2094 navis

74 2133 257 2214 piratarum
270 2129 307 2188 in
324 2135 424 2211 portu
442 2129 588 2188 casinam
601 2132 821 2208 praepararet,
841 2138 927 2192 nutu
942 2127 1054 2198 divino

75 2252 160 2316 aqua
172 2230 274 2292 maris
289 2247 363 2290 eam
375 2221 562 2302 absorbuit,
585 2239 669 2311 quae
683 2246 849 2311 nusquam
863 2233 932 2297 visa
946 2227 1020 2298 fuit
1043 2214 1050 2227 x

432 2611 469 2644 „
512 2527 599 2622 ιι.

83 2659 228 2764 Uersus
249 2697 394 2758 trionem
408 2688 568 2778 Anafios
590 2695 734 2777 insurgit
753 2690 879 2801 insuia,
911 2695 952 2760 ab
976 2719 1054 2768 ana

71 2817 207 2887 graece,
230 2795 329 2858 latine
351 2796 450 2865 sine,
474 2804 506 2858 et
514 2790 593 2878 fios
611 2812 773 2892 serpens,
798 2797 820 2858 i.
836 2816 863 2860 e.
881 2800 960 2864 sine
979 2823 1055 2868 ser·

68 2915 202 2992 pente,
233 2897 311 2982 quia
336 2894 383 2959 ibi
404 2903 572 2980 serpentes
595 2912 666 2955 non
685 2882 915 2978 reperiuntur,
946 2911 992 2980 et,
1025 2907 1055 2970 si
1119 2889 1125 2900 ’

72 3010 164 3066 certe
177 2998 257 3062 illuc
273 3004 502 3081 ponerentur,
525 2991 634 3056 subito
652 2997 870 3075 morirentur,
894 3007 941 3077 et,
964 3005 1056 3088 quod

67 3102 150 3190 plus
164 3108 230 3176 est,
252 3095 305 3160 fer
317 3105 430 3160 tecum
444 3092 484 3157 de
503 3101 592 3158 terra
607 3090 709 3158 huius
730 3103 762 3158 et
781 3097 945 3164 circulum
963 3104 1054 3172 illius

68 3221 236 3291 praepara
248 3198 411 3281 serpenti,
432 3191 596 3258 desubito
609 3197 762 3258 moritur.
783 3263 787 3268 ,
803 3195 886 3262 Erat
899 3205 988 3268 enim
1004 3211 1057 3272 ei.

70 3309 157 3369 vites
180 3299 261 3362 olim
277 3302 314 3361 in
332 3300 437 3383 capite
450 3293 578 3358 insulae
596 3298 818 3374 munitissima
835 3301 959 3366 nimis,
986 3303 1056 3373 Ea.

68 3409 213 3490 propter
232 3402 357 3484 piratae
375 3393 469 3460 iuxta
489 3399 598 3481 ripam
617 3395 688 3457 eius
703 3402 772 3459 tute
792 3420 891 3469 naves
912 3403 1056 3471 colloca-

68 3504 163 3566 bant.
199 3497 351 3585 Cumque
365 3519 427 3583 per
439 3506 590 3580 tempora
602 3494 693 3558 huno
708 3509 900 3562 exercerent
914 3503 1056 3572 modum

69 3604 274 3668 contermini
286 3617 443 3685 proceres
460 3601 555 3659 annis
574 3594 729 3681 plurimis
746 3597 788 3660 ad
801 3595 887 3662 hauc
901 3599 1056 3670 desolan

34 3743 37 3749 -
68 3704 151 3783 dam
164 3699 285 3765 urbem
297 3699 468 3776 devenere,
492 3705 534 3774 et,
553 3693 641 3760 facto
657 3695 723 3760 fine
736 3696 977 3781 destructionis,
999 3727 1058 3770 ca-

69 3803 242 3868 stellum'
227 3823 267 3866 ιιι
286 3789 398 3866 medio
419 3797 548 3864 insulae
562 3818 669 3884 nsque
687 3803 725 3862 in
743 3795 946 3866 hodiernum
964 3803 1058 3870 ordi

67 3923 196 3972 novere
217 3902 316 3968 diem.

775 4079 851 4152 G2
945 4069 969 4116 9
