2742 5182
283 381 357 454 102

285 595 352 662 quo
368 570 583 662 &audenus
601 567 723 634 fluvius
745 566 928 644 densatur,
952 569 1009 654 qui
1026 587 1134 653 prope
1151 566 1273 652 cytri.

282 697 369 764 pum
385 673 550 761 ‘oppidum
572 670 653 735 olim
670 673 862 756 prorumpit
882 672 918 730 in
936 689 1028 732 mate
1050 669 1092 734 ad
1112 674 1273 733 trionem.

284 773 325 838 In
345 777 456 840 medio
478 785 588 838 autem
611 776 1095 854 vastissimorumcamporum
1115 770 1183 832 duo
1206 771 1273 834 soli

284 874 460 941 monticuli
473 879 662 957 eriguntur,
684 869 836 959 aquibus
851 868 928 933 fons
942 870 1025 936 olim
1037 871 1271 936 nobilissimus
1355 879 1356 938 ἶ

284 973 445 1040 Liccstis
452 1023 464 1052 ,
482 971 580 1036 hodie
597 969 872 1058 Apodomcrius
887 981 1026 1035 emarsat.
1068 971 1166 1035 quta
1186 974 1272 1038 olim

291 1076 408 1141 Castri
428 1073 591 1161 oppidum
613 1084 645 1136 et
665 1072 857 1136 molendina
880 1077 1075 1160 iuvariaque
1097 1095 1271 1140 marmora
1355 1125 1356 1138 ,

239 1241 241 1246 ,
283 1173 506 1242 meruissent
546 1172 586 1237 In
607 1173 727 1260 quibus
750 1183 840 1237 tanta
864 1184 913 1238 est
933 1179 1112 1238 amoenitas
1136 1174 1274 1262 locique

285 1287 402 1340 cautus
417 1275 624 1368 diversatum
639 1279 766 1351 avium,
788 1274 880 1361 quod
899 1297 969 1338 uon
988 1273 1099 1338 solum
1111 1284 1274 1354 terrenis,

286 1376 467 1440 sedetiam
484 1374 559 1438 Diis
579 1373 824 1439 immortalibus
845 1375 1014 1462 placidum
1037 1398 1108 1438 esse
1130 1377 1273 1454 dicatur.

285 1474 344 1543 Ad
357 1481 519 1542 orientem
532 1480 568 1538 iu
580 1474 677 1538 litore
691 1477 865 1563 Arangae
881 1477 1075 1562 metropolis
1090 1488 1149 1554 est,
1172 1485 1271 1543 cuius
1355 1555 1356 1564 ἵ

285 1583 322 1642 in
333 1577 445 1644 medio
460 1577 552 1642 lacus
573 1576 751 1663 ampliatur
764 1581 801 1640 in
818 1587 937 1641 aestate
959 1588 1155 1663 corruptus,
1180 1589 1214 1642 et
1230 1579 1270 1644 ab

285 1689 379 1742 extra
396 1682 607 1743 moeniarum
622 1697 780 1762 araugeae
797 1677 921 1742 multae
936 1682 1120 1755 virescunt,
1146 1691 1180 1742 et
1193 1683 1271 1746 idco

231 1788 235 1800 ‘
287 1777 444 1864 Arangae
459 1779 545 1842 dicta
558 1787 617 1842 est.
658 1776 697 1842 In
711 1801 777 1866 quo
793 1788 842 1842 tot
858 1787 890 1841 et
907 1788 995 1842 tantu
1015 1780 1162 1844 aedificia
1179 1805 1271 1848 mar-

285 1899 400 1943 morea
419 1890 451 1943 et
468 1878 594 1942 theatra
608 1885 736 1964 reperi,
759 1879 850 1966 quod
865 1890 915 1944 est
929 1881 1081 1945 mirabile
1095 1883 1137 1946 ad
1152 1885 1271 1949 viden-

287 1979 379 2046 dum.
421 1979 526 2046 Extra
545 2000 624 2042 vero
645 1991 790 2044 castrum
817 1985 909 2043 iuxta
930 1979 1040 2044 lacum
1062 1983 1103 2046 ad
1124 1989 1270 2052 trionem

287 2081 398 2166 ampla
422 2078 602 2144 domorum
622 2077 770 2144 aedificia
786 2079 1041 2166 Hippocratis,
1066 2089 1181 2150 eximii
1198 2109 1272 2149 mc-

286 2181 361 2259 dici,
383 2186 453 2246 visa
465 2189 551 2255 sunt,
574 2200 652 2244 cum
665 2177 757 2242 fonte
773 2186 965 2269 propinquo
982 2194 1014 2245 ct
1025 2185 1147 2270 palude
1164 2186 1271 2250 Lam·

289 2281 326 2347 bi
340 2283 434 2360 dicta,
457 2285 589 2368 quaein
602 2278 712 2343 hieme
726 2281 904 2366 ampliatur
919 2292 951 2344 et
963 2291 1090 2362 erescit,
1113 2292 1150 2352 in
1163 2300 1270 2353 aesta-

287 2393 319 2448 te
333 2406 412 2448 vero
429 2384 637 2448 desiccatur..
663 2380 738 2446 Fuit
750 2387 851 2468 igitur
865 2387 925 2444 iste
940 2383 1164 2473 Hippocrates
1180 2389 1268 2454 filius

288 2485 473 2571 Selepiouis
488 2494 519 2548 et
535 2484 718 2571 discipulus
732 2483 944 2572 Aesculapii,
966 2486 1099 2574 physici
1116 2494 1270 2571 secundi,
1355 2489 1356 2547 1

288 2597 320 2652 et
334 2586 398 2652 fuit
413 2587 452 2652 de
466 2606 587 2673 genere
603 2583 797 2674 Aesculapii
812 2591 931 2673 primi,
951 2610 971 2651 a
987 2611 1054 2677 quo
1070 2596 1198 2681 'incepit
1215 2619 1266 2659 ars

286 2687 487 2774 medicinae,
511 2708 611 2775 quam
627 2687 739 2752 docuit
752 2699 784 2752 et
804 2689 947 2753 ostendit
966 2688 1042 2754 filiis
1064 2697 1149 2770 suis,
1172 2718 1269 2762 man„

288 2787 369 2854 dans
384 2792 441 2865 eis,
450 2789 540 2876 quod
554 2789 753 2856 medicinam
769 2794 942 2865 extraneis,
950 2794 1019 2855 imo
1032 2803 1142 2879 patres
1157 2807 1270 2863 osten·

287 2887 407 2955 deretis
422 2895 538 2954 vestris
552 2887 640 2967 filiis,
662 2900 700 2954 ut
713 2897 791 2954 artis
806 2891 959 2954 nobilitas
974 2915 1105 2982 semper
1119 2895 1185 2960 fixa
1199 2921 1271 2964 nra-

286 3001 381 3054 neret
398 2995 506 3056 ineis.
550 2991 594 3053 Et
611 2997 780 3077 praecepit
801 2993 891 3079 quod
913 2997 949 3057 in
967 2995 1078 3059 medio
1095 2995 1270 3063 habitatio·
1354 3063 1355 3068 ,

286 3096 339 3156 nis
356 3091 543 3156 insularum
560 3090 746 3178 Cycladum
758 3106 941 3173 manerent,
962 3109 1100 3184 propter
1114 3102 1200 3165 a'c'ris
1216 3108 1268 3166 in-

286 3193 497 3276 temperiem,
528 3192 581 3256 vel
604 3195 640 3254 in
666 3193 835 3256 montibus
859 3194 970 3260 Choae
998 3200 1209 3265 considerent
1234 3209 1268 3266 in
1354 3225 1355 3228 ¹

288 3299 416 3355 aestate.
459 3289 555 3356 Dixit
576 3315 655 3378 ergo
677 3291 859 3386 perfectam
881 3297 971 3383 apud
992 3297 1139 3364 Graecos
1161 3305 1268 3368 medi·
1354 3339 1355 3348 κ

287 3393 406 3454 cinam.
449 3388 524 3478 Ipsa
550 3398 640 3458 enirn
666 3393 844 3473 medicina,
872 3408 909 3462 ut
934 3405 978 3462 ait
997 3398 1211 3468 Macrobius
1238 3416 1268 3470 et
1354 3453 1355 3464 ,

287 3489 470 3564 Isidorus,
500 3503 574 3559 ante
593 3493 835 3582 Hippocratem
859 3498 994 3565 siluerat
1020 3522 1082 3586 per
1104 3507 1267 3592 quingen*

286 3602 337 3655 tos
353 3613 468 3671 annos,
485 3604 666 3682 atempore
678 3593 847 3683 Apollinis
862 3609 893 3663 et
906 3598 1109 3689 Aesculapii,
1124 3611 1181 3692 qui
1195 3606 1267 3672 fue·

287 3704 367 3757 runt
381 3701 483 3782 primi
501 3701 572 3761 eius
587 3703 785 3761 inventores.
808 3734 849 3748 -
892 3700 936 3763 Et
952 3705 1164 3790 procedendo
1179 3729 1267 3772 nunc

288 3793 330 3857 ad
341 3795 491 3862 medium
506 3799 643 3875 insulae,
661 3803 757 3886 parvi
768 3800 942 3865 monticuli
956 3802 1108 3867 sidentur
1121 3809 1266 3894 incepta-

287 3915 344 3975 re,
372 3905 404 3960 et
432 3902 480 3964 sic
504 3897 601 3965 altior
622 3905 684 3966 ista
706 3900 858 3988 planities
880 3913 930 3968 est
951 3903 1041 3971 illius
1066 3915 1142 3972 aute
1165 3907 1267 3976 dictae
