2742 5182
932 351 935 366 '
989 383 1064 460 roe

55 567 293 658 Arangeae.
352 554 535 660 Postquam
563 573 605 640 ud
634 573 810 644 meridiem
832 572 879 640 ud*
892 573 1065 646 Antima-

57 673 181 736 chum
201 673 368 758 oppidum
391 674 709 742 cursumlrabemus
723 699 828 764 usque
842 682 877 742 in
889 675 955 742 fine
968 680 1064 744 insu-

56 772 125 849 lae,
143 771 213 834 ubi
230 765 393 860 Cephalo
407 787 544 860 paratur
555 783 592 840 in
606 779 726 843 eitum:
748 801 819 866 non
833 778 890 842 diu
907 779 1064 866 estquod

57 895 215 958 serpens
230 880 397 939 maximus
412 877 573 942 devorans
593 883 746 964 apparuit
760 890 925 959 armenta,
948 891 980 944 et
992 891 1064 944 ter·

57 981 118 1038 riti
143 996 273 1038 omnes
293 973 410 1060 fugem
430 978 641 1062 arripiebant.
708 978 808 1042 Tunc
830 991 985 1060 strenuus
1011 989 1064 1048 vir

56 1099 125 1164 pro
145 1075 262 1140 salute
276 1077 395 1162 populi
408 1076 558 1142 duellum
571 1083 724 1166 inceptat,
747 1079 829 1146 dum
841 1086 929 1144 inter
941 1069 1063 1147 besties

57 1198 167 1242 ruere
194 1177 304 1240 vellet.
356 1173 457 1256 Qu'od
484 1201 562 1244 cum
589 1179 654 1244 hoc
679 1202 816 1266 serpens
842 1185 1063 1270 percepisset,

57 1303 216 1366 equum,
244 1277 410 1341 morsibus
430 1279 519 1343 illico
537 1285 574 1345 in
585 1291 715 1356 terrem
726 1271 948 1368 prostratum,
971 1287 1062 1346 occi-

60 1381 104 1443 dit
117 1407 126 1458 ς
149 1385 290 1443 iuvenis
304 1389 424 1455 autern,
446 1387 565 1444 acriter
577 1403 740 1468 pugnans,
762 1381 896 1448 tandem
911 1388 1062 1470 viperam

58 1479 250 1544 interfecit.
310 1479 445 1544 Dicitur
467 1487 565 1547 ctiam
589 1492 621 1546 et
644 1479 842 1562 affirmetur,
877 1483 968 1573 quod
992 1465 1062 1549 fit'ia

58 1581 290 1668 Hippocratis
310 1603 372 1667 per
391 1584 535 1647 insulam
550 1588 623 1648 viva
643 1592 796 1669 apparet,
818 1605 884 1670 qua
903 1585 1060 1671 loquente

57 1694 179 1764 tecum
204 1681 266 1744 diu
281 1691 320 1745 'et
339 1694 493 1746 narrante
509 1683 629 1760 multu,
651 1681 874 1748 infortunium
889 1707 991 1774 snum
1005 1690 1062 1749 ina

61 1783 203 1848 felicem
228 1794 462 1862 connumerat,
483 1783 685 1876 rogabatque
700 1805 796 1870 saepe
819 1795 1002 1850 creatorem
1021 1795 1060 1850 ut

63 1908 82 1948 u
98 1897 192 1950 tenta
207 1905 319 1971 poena
333 1905 407 1948 eum
422 1883 613 1969 dignaretur
627 1883 777 1948 liberare.
819 1885 871 1961 Et,
887 1908 966 1949 crnn
979 1885 1060 1974 plu-

62 2009 101 2050 ro
117 1988 330 2073 loqueretur,
351 2008 421 2050 uon
435 1983 534 2070 longe
550 2007 568 2048 e
581 1989 727 2071 paternis
742 1982 906 2064 domibus,
929 1984 1059 2051 lamen-

62 2088 228 2151 tebiiibus
247 2086 400 2162 vocibus,
420 2090 455 2148 in
471 2108 530 2156 sex
544 2085 595 2148 vel
607 2091 644 2148 in
658 2095 732 2148 octo
747 2090 842 2148 cunis
859 2087 960 2150 semel
976 2109 1059 2152 con·

64 2194 182 2274 tigisse
210 2177 541 2264 transformationem
562 2183 665 2265 hunc,
694 2195 730 2248 ut
751 2207 770 2248 o
792 2186 905 2249 multis
930 2188 1057 2254 civibus
1088 2177 1092 2184 ’

66 2287 322 2376 comprobatur.
345 2321 388 2334 -
430 2285 546 2350 Refert
565 2291 664 2351 etiam
680 2285 843 2364 Plinius,
865 2286 955 2376 quod
968 2286 1058 2355 Art·

66 2411 213 2462 steens,
241 2389 341 2454 titius
369 2385 569 2474 Apollinis,
597 2387 737 2451 consilio
763 2394 895 2467 matris,
930 2388 1055 2454 relictis

67 2493 198 2558 Thebis
214 2491 285 2556 huc
298 2494 386 2554 venit
403 2499 434 2556 et
448 2493 484 2550 in
498 2487 584 2552 hanc
597 2487 754 2553 habitavit
767 2491 913 2555 insulem
929 2499 961 2555 et
974 2490 1057 2555 sub·
1129 2487 1132 2494 ’

66 2601 192 2680 ingerit
205 2615 292 2659 eam.
334 2591 410 2658 Fuit
423 2593 528 2666 enim,
549 2599 588 2652 ut
601 2594 703 2667 aiunt,
724 2589 780 2653 hic
793 2591 950 2656 mulieres
964 2595 1055 2655 virete

70 2697 233 2760 occidisse
249 2706 388 2782 propter
402 2713 520 2758 eorum
535 2693 798 2768 inconstantiam,
823 2696 900 2778 quie
914 2713 1057 2779 semper,

68 2803 102 2860 in
124 2797 266 2884 proeliis
286 2817 348 2884 per
367 2791 488 2858 Asiam
509 2797 676 2857 minorem
703 2789 909 2867 accedentes,
939 2812 1056 2855 curam

68 2899 197 2962 insulae
217 2895 417 2962 mulieribus
434 2893 648 2958 dimittebant.
690 2891 787 2968 Illae,
809 2889 988 2978 aequaliter
1002 2894 1057 2954 in-

71 2999 241 3082 dignatae,
265 2998 306 3062 ad
321 3018 457 3060 enorme
476 3017 616 3060 suorum
630 2999 780 3076 urorum
796 3010 978 3079 pervenere
991 2987 1056 3054 hc-

71 3101 255 3164 micidinm.
305 3097 436 3163 Deinde
458 3095 571 3172 lason,
601 3090 788 3183 perhanc,
824 3096 987 3155 transiens
1013 3091 1055 3156 e'd

73 3201 242 3278 Coit-hon,
264 3198 364 3262 hodie
380 3199 550 3273 Turcum,
569 3200 704 3260 accessit
720 3215 834 3262 eorem
850 3196 977 3256 civitate
990 3214 1056 3280 pc-

73 3307 129 3364 sitc
156 3314 188 3366 et
206 3309 397 3364 constructa
413 3299 599 3363 multorum
618 3295 864 3373 aedificiorum,
892 3317 976 3384 quae
995 3317 1056 3360 us-

72 3425 133 3488 que
152 3401 254 3467 hodie
273 3407 310 3466 in
324 3397 488 3466 Armenia
506 3403 630 3465 minori
653 3420 767 3464 coram
781 3396 898 3486 Cypro
913 3395 1054 3460 videtur.

73 3536 108 3550 ·-
132 3503 194 3568 Est
208 3505 351 3592 deniqne
367 3499 448 3566 haec
463 3506 616 3571 omnium
631 3498 921 3573 abundantissima,
938 3507 968 3560 et
981 3500 1054 3583 pri-

72 3621 126 3666 mo
147 3608 183 3668 in
203 3603 428 3671 foeminarum
450 3611 644 3666 ornamento
661 3597 796 3664 lanificii
810 3595 865 3659 hic
880 3605 984 3660 urtem
999 3601 1054 3658 in-

73 3715 200 3767 ventam
221 3687 394 3768 affirment.
438 3699 579 3790 Insuper
601 3712 632 3766 et
655 3703 804 3790 nativitas
826 3695 1056 3760 memorabilis

73 3791 234 3872 Pttttdis
253 3807 371 3894 poe‘tee
398 3803 454 3868 hic
477 3791 556 3879 ibit,
591 3805 648 3892 qui
672 3805 816 3866 imitatus
838 3794 1054 3884 Sapphonem
1110 3849 1115 3856 .

67 3905 274 3989 mimeram,
295 3928 369 3972 rem
385 3903 558 3972 Bacchidis
580 3903 770 3999 decantavit.
812 3897 946 3984 Ibique,
964 3893 1053 3960 infra
