2764 5182
1022 475 1073 548 at

97 667 321 742 Britannico*
345 667 504 762 (British
528 670 730 767 Museum)
758 663 972 746 coniuncta
1001 689 1070 764 est,

98 805 172 878 *duo
192 824 391 878 servantur
407 805 523 881 huius
538 805 644 880 Libri
664 808 713 880 de
729 807 867 882 Insulis
884 809 1073 908 Archipe-

97 937 171 1038 lagi
203 941 374 1014 Codices
405 944 537 1038 Mss.;‘
563 969 665 1015 unus
701 945 860 1043 quidem
894 947 937 1016 in
977 948 1071 1016 Tito

96 1077 273 1158 B.IIX.,
302 1079 454 1177 No,29.
489 1076 560 1151 fol.
593 1077 707 1150 titulo
736 1077 913 1178 anglice,
947 1079 1073 1174 male,
1128 1169 1130 1173 Α

98 1213 213 1287 credo
226 1267 235 1304 ,
266 1213 518 1304 chartaceus,
550 1213 656 1313 apud
678 1210 888 1288 LPlanta
912 1216 1072 1289 Catulo-

97 1375 167 1449 gue
185 1345 232 1421 of
243 1348 310 1421 the
326 1352 415 1422 Mes.
434 1349 476 1422 in
494 1349 559 1422 the
579 1351 795 1423 Cottonian
809 1350 982 1445 Libraty,
1004 1353 1073 1424 de-

93 1485 250 1586 posited
273 1489 315 1558 in
341 1485 408 1556 the
433 1484 597 1558 Britisch
622 1487 822 1576 Museum,
854 1501 970 1578 1802,
1003 1486 1071 1560 fol.

94 1633 230 1721 p.5ho.
249 1618 287 1692 b.
298 1647 310 1716 3
346 1622 460 1712 alter,
492 1617 565 1695 sub
592 1623 850 1721 Vespasiano
874 1625 928 1696 A.
942 1625 1072 1704 XIII,

95 1759 173 1831 No.
192 1783 232 1850 1,
259 1732 373 1830 titulo
399 1757 544 1849 latino,
570 1754 640 1829 fol.
675 1756 778 1828 male
801 1782 947 1830 annum
962 1771 1073 1862 '1320

93 1918 186 1993 prae
205 1919 247 1968 se
269 1892 399 1970 ferens
408 1921 420 1992 3
453 1891 630 1992 Catalog.
647 1919 686 1992 p.
699 1904 785 1980 455.

520 2043 554 2148 l.
582 2057 644 2125 aa.

169 2199 205 2274 b.
260 2200 400 2273 Codex
419 2203 461 2270 in
477 2200 740 2274 Batavorum
756 2218 860 2272 terra
879 2221 1073 2272 memore-

91 2356 156 2410 tur
182 2362 302 2427 unus,
331 2337 438 2434 apud
464 2336 673 2408 Oudinum
698 2334 725 2408 l.
748 2335 774 2408 l.
802 2334 914 2408 cuius
944 2329 1072 2408 verbis

90 2493 199 2547 utar:
237 2470 476 2572 „Exemplar
504 2467 614 2544 aliud
637 2473 709 2545 Ms.
728 2469 844 2544 huius
872 2474 1002 2570 operis
1028 2473 1072 2541 in
1193 2509 1198 2514 -
1291 2465 1294 2472 ’

90 2609 335 2684 Bibliotheca
352 2607 512 2705 (exstat)
529 2607 634 2680 Petri
650 2609 841 2688 Francii,
867 2589 909 2679 in
932 2603 1072 2678 illustri

88 2745 226 2823 schola
251 2729 604 2824 Amstelodamensi
626 2742 890 2842 Eloquentiae
917 2726 1073 2815 Profes-

90 2887 208 2974 soris‚
234 2887 333 2954 inter
352 2880 475 2954 libros
493 2876 672 2970 infolio,
697 2875 839 2951 codice
857 2875 920 2950 vel
937 2901 1073 2948 nume-

88 3049 136 3098 ro
167 3023 261 3119 276,
305 3037 348 3090 ut
378 3033 533 3092 constat
569 3038 618 3087 ex
649 3017 796 3114 pagina
821 3013 870 3111 76
903 3011 1095 3111 catalogi.

88 3157 208 3231 huius
231 3153 519 3245 bibliothecae,
545 3152 614 3251 qui
639 3149 689 3221 ad
715 3152 938 3222 auctionem
966 3172 1071 3221 anno

93 3305 206 3394 1705.
240 3289 522 3364 Amstelodami
547 3311 597 3360 ex
621 3281 779 3359 officina
799 3285 1007 3359 Wetstenii
1030 3287 1074 3356 in

90 3437 145 3518 8⁰.
174 3395 386 3529 impressus
410 3429 511 3498 est.“
539 3467 590 3483 -
639 3423 819 3496 Fortasse
846 3417 976 3496 codex
1001 3420 1074 3494 iste

88 3567 132 3640 in
149 3564 331 3666 Angliam
350 3561 539 3660 migravit.

524 3708 557 3814 §-
583 3721 646 3792 aa.

169 3899 203 3946 c.
254 3873 299 3944 In
323 3867 455 3942 Italia
482 3883 519 3942 et
544 3867 702 3970 quidem
727 3862 965 3936 Florentiae
988 3877 1076 3933 tan·

89 4023 176 4081 tum
199 4003 330 4107 plures
361 4023 515 4081 exstare
547 4004 706 4078 codices
732 3997 865 4074 fertur.
917 3999 966 4070 Et
990 3997 1076 4097 qui-
