2764 5182
1036 418 1088 514 31.

107 640 142 705 y.
169 609 308 684 Aetate
327 612 463 684 tertius
483 628 541 684 est
558 609 696 684 Codex
715 608 968 716 chartaceus,¹
985 641 1087 714 exa-

155 766 261 820 ratus
294 751 487 844 scriptura
523 751 673 820 cursiva
703 746 900 841 francica,
936 732 1087 828 saeculi
1125 725 1133 736 ’

155 885 264 980 XV'l3
319 883 412 956 olim
457 882 725 956 Colbertinus.
800 887 911 960 Prius
957 886 1086 963 fuerat

160 1020 400 1099 Tduaneus,
429 1018 538 1118 quod
557 1015 749 1116 probatur
773 1017 973 1111 elementis
1001 1030 1086 1126 qui·

152 1152 321 1226 busdam
343 1180 502 1253 prorsus
521 1152 605 1225 fere
625 1153 780 1246 deletis,
809 1159 850 1230 in
873 1160 1000 1256 primo
1028 1157 1084 1232 al-

152 1288 205 1362 bo
230 1289 345 1362 folio.
395 1292 461 1360 De
487 1315 567 1389 quo
591 1289 693 1364 male
720 1291 906 1364 Oudinus
924 1293 949 1366 1.
963 1294 988 1366 l.
1005 1298 1080 1372 ita:

100 1411 103 1420 ³
151 1429 339 1520 „Exstat,
367 1444 411 1498 ut
436 1427 626 1518 creditur,
655 1424 920 1526 autographus
942 1429 1080 1528 (liber)

149 1563 256 1634 inter
299 1560 427 1632 Codd.
468 1561 560 1635 Mss.
607 1565 764 1637 Parisiis
808 1562 1080 1640 Bibliothecae

147 1697 386 1788 Thuaneae‚
415 1700 482 1796 qui
499 1699 577 1770 iam
603 1723 738 1772 omnes
762 1703 892 1797 pretio
913 1706 1005 1774 emti
1030 1705 1081 1777 ad

148 1832 416 1908 Colbertinam
442 1831 569 1932 [etex
595 1837 706 1907 eain
732 1830 905 1935 Regiam]
932 1837 1081 1912 Biblio-

145 1971 322 2062 thecam,
357 1969 450 2065 dnm
474 1970 630 2042 Parisiis
654 1992 780 2062 eram,
816 1995 1078 2066 accesserunt.
1137 2013 1139 2022 ⁴

145 2107 249 2181 Vide
291 2102 522 2204 Catalogum
555 2104 825 2181 Bibliothecae
861 2108 1078 2208 Thuaneae

144 2262 226 2318 tam
256 2241 448 2316 librorum
473 2239 618 2316 ibidem
648 2245 927 2342 impressorum
958 2273 1078 2347 quam
1108 2259 1114 2268 '

143 2380 256 2471 Mser,
283 2382 351 2479 qui
377 2403 496 2464 anno,
511 2380 607 2476 1679
629 2379 786 2454 Parisiis
811 2405 846 2456 2.
870 2385 913 2454 in
937 2393 989 2467 8⁰.
1015 2365 1077 2458 to·

142 2518 215 2590 mis
234 2519 442 2615 impiessus
462 2517 565 2586 est.“
592 2559 645 2572 -
682 2515 863 2590 Oudiuus
892 2495 1076 2594 codicem

141 2677 235 2728 sane
255 2663 336 2723 non
357 2652 547 2750 inspexit,
577 2648 755 2749 alioquin
776 2651 959 2726 codicem
981 2629 1076 2728 scii·

140 2807 258 2904 ptuga
278 2781 491 2860 recentiori
511 2784 745 2885 calamoque
765 2784 961 2859 festinanti
983 2813 1075 2863 exa·

141 2940 288 3015 ratum,
326 2923 528 3021 literisque
568 2919 780 2994 initialibus
816 2921 1072 2998 memorabile

140 3056 243 3134 illud
272 3059 531 3156 Anagramma
555 3054 811 3131 efficientibus
838 3057 975 3132 rubeis
1008 3037 1074 3136 ca-

139 3212 291 3268 rentem
308 3165 971 3292 noncredidissetAutographum.
1007 3199 1073 3273 Et·
1151 3278 1153 3284 ,

138 3331 172 3405 si
199 3348 330 3403 autem
348 3329 456 3402 docti
475 3355 723 3430 quorumque
740 3347 964 3429 temporum
989 3359 1072 3407 ma·

138 3465 177 3538 le
208 3470 390 3566 pingant,
426 3465 507 3539 hoc
541 3466 588 3538 de
621 3461 810 3538 librorum
841 3466 1070 3544 auctoribus

137 3600 260 3693 valet,
299 3601 348 3672 de
376 3598 543 3676 librariis
571 3598 874 3674 amanuensibus
898 3604 1068 3680 minime.

139 3781 192 3796 —-
216 3740 261 3810 In
285 3735 533 3810 Bibliotheca
558 3735 717 3808 'Phuani
746 3755 882 3808 notam
904 3737 949 3813 ΞΞ
970 3763 1069 3835 prae

139 3895 183 3948 se
213 3871 388 3966 ferebat,
423 3896 541 3975 quem
565 3868 620 3943 ibi
637 3869 851 3946 Palmerius
878 3877 1046 3950 excussit
1053 3901 1067 3976 3
