2742 5182
963 417 1035 494 11³
1065 433 1074 446 ’

48 621 89 688 sd
116 617 373 709 inquirendum
387 615 600 691 dimitemus,
643 609 703 678 Ad
728 616 874 688 triouem
899 622 931 676 et
955 607 1032 682 foas

47 723 135 790 Neo
156 719 351 788 uberrimus
372 728 493 794 exstat,
516 715 575 780 ubi
598 717 830 799 promontoria
850 717 1035 784 minacissi-

45 845 102 888 ma
124 821 297 888 elevantur
312 825 348 884 in
369 818 511 884 eoelum.
553 815 598 880 Et
611 836 681 878 uon
698 812 740 878 ab
761 835 797 876 ea
816 835 935 900 parum
952 837 1035 902 por·

46 936 100 988 tus
117 919 349 988 Cardomilae
366 942 444 984 eum
456 918 625 1004 planoque
638 913 777 981 flumine
790 912 933 994 habetur
946 923 1036 1004 opti*

46 1046 137 1088 tuus.
180 1021 312 1086 Deinde
331 1020 373 1086 ad
390 1019 616 1106 Delphinum
637 1016 780 1080 alterum
799 1039 877 1084 oum
897 1025 981 1087 turri
1004 1031 1037 1102 et

45 1124 189 1190 flumine
203 1125 544 1208 optamusporvenire
558 1127 734 1202 portum‚u
746 1139 814 1204 quo
829 1122 940 1188 civitas
953 1122 1037 1190 ctis·

45 1232 165 1313 paucis
180 1222 378 1288 milliaribus
399 1243 478 1286 cum
493 1229 594 1304 portu
606 1221 771 1284 tutissimo
786 1217 1035 1296 alauuensibus

45 1326 258 1390 sublimatur.
303 1323 398 1401 Quae
419 1323 499 1386 olim
516 1325 624 1406 posita
645 1341 747 1406 supra
768 1331 918 1388 montem
937 1328 1036 1390 inex-

42 1426 268 1513 pugnabilem
287 1423 344 1488 diu
368 1427 532 1489 tutissima
553 1425 668 1506 viguit.
712 1419 789 1500 Quo
810 1426 845 1484 iu
868 1423 953 1506 pede
972 1429 1038 1505 οος·

43 1545 223 1592 ronatam
245 1529 459 1590 eremitarum
475 1521 653 1588 laudamus
677 1533 766 1586 recte
791 1520 913 1588 locum.
960 1524 1037 1606 De-

44 1650 147 1692 mum
170 1649 212 1692 ex
235 1649 300 1715 qua
321 1645 420 1688 causa
442 1623 598 1688 dimisere
624 1627 710 1688 cives
730 1623 1038 1708 Lu1·iauesoio,et

45 1735 144 1792 iuxta
162 1751 256 1792 mare
274 1724 487 1810 magnificam
497 1737 780 1812 praeparaverunt
795 1723 925 1792 urbem.
959 1723 1038 1792 Un'-

46 1830 91 1892 de
114 1829 158 1894 ab
184 1851 317 1916 unaque
339 1825 439 1895 altera
460 1837 553 1912 parte
565 1818 776 1912 sampirum
798 1831 902 1902 vineis
923 1838 1037 1895 osteu-

45 1930 179 1996 duntur
199 1928 395 1994 fertilissimi
414 1932 566 1994 omniurn
586 1951 768 2015 pomorum
783 1928 906 2008 hubin,
931 1939 963 1992 et
975 1935 1038 2010 ,ius

43 2030 100 2096 fra
130 2041 263 2096 montes
285 2027 470 2094 Neamoni
496 2039 601 2094 exstat
625 2036 882 2108 monasterium,
913 2035 949 2094 iu
969 2053 1037 2119 quo

45 2133 192 2204 ecclesia
213 2137 317 2204 mirae
337 2140 521 2196 structurae
544 2136 707 2209 consistit,
734 2133 811 2217 plus
834 2153 1054 2220 ιιιιιιιιιιιιοιι-Ι

45 2255 127 2298 rare
143 2229 315 2296 sufficiam.
343 2230 462 2319 Iu'quo
476 2253 583 2320 usque
596 2231 696 2298 hodie
709 2233 787 2320 plus
803 2256 905 2320 quum
917 2231 1039 2314 XXX.

43 2343 230 2400 morantur
252 2333 399 2418 Calogiri
420 2333 463 2398 ad
485 2333 697 2398 serviendum
722 2335 807 2399 Deo.
851 2334 968 2420 lbique
990 2345 1041 2402 est

44 2441 198 2500 cisterna
218 2439 304 2498 miro
327 2433 465 2498 artificio
481 2432 661 2515 ¹fabricata3
688 2440 723 2498 in
745 2458 813 2522 quo
835 2442 1039 2502 monasterio

46 2557 173 2600 omues
194 2545 401 2599 transeuntes
420 2533 650 2599 refocillantur
667 2535 793 2623 absque
812 2541 927 2620 pretio.
971 2536 1041 2601 lbi-

46 2661 119 2726 que
139 2657 251 2722 prope
270 2641 416 2700 trionem
435 2647 485 2700 est
506 2635 643 2702 eeclesia
670 2644 855 2702 Coronaca
876 2637 1040 2724 Virginis

45 2741 218 2814 Mariae,
243 2738 464 2802 devotissima
461 2741 593 2812 Ιοιιιιοιίι
606 2736 770 2822 gentibus.
813 2735 928 2826 Atque
943 2733 1041 2815 Solus

46 2838 174 2908 Nicol
175 2861 242 2904 aus
253 2861 361 2936 prope
376 2861 438 2924 per
451 2861 559 2922 unum
572 2844 629 2904 mi.
645 2860 723 2904 oum
742 2859 809 2904 una
828 2835 969 2926 pulchra
986 2859 1043 2904 ee-

47 2945 82 3007 cl
85 2965 122 3005 es
124 2949 168 3006 ia
157 2931 419 3018 manifestatur,
443 2963 521 3004 oum
541 2939 630 3015 debr
617 2951 651 3007 ο
671 2937 836 3008 viridario
847 2948 878 3004 et
897 2929 1041 3038 pulohtp

47 3045 161 3112 fonte.
206 3039 263 3106 Ab
284 3041 349 3106 hoo
371 3064 454 3106 vero
477 3031 552 3105 loco
577 3028 666 3130 per
661 3041 729 3105 duo
755 3046 811 3106 mi
832 3039 974 3106 habetur
993 3028 1042 3141 ΕΖ

47 3147 243 3234 Dragolio
267 3165 344 3211 cum
365 3138 506 3226 pulchra
526 3143 626 3214 domo
640 3135 943 3238 pulrherrimoque
962 3147 1044 3212 virt-

50 3249 155 3312 dario
186 3256 219 3310 et
246 3241 338 3310 fonte
366 3255 462 3330 atque
501 3243 735 3330 pulcherrimis
766 3230 1045 3330 possessionibus.

48 3349 152 3415 Hinc
176 3345 219 3412 ad
245 3364 353 3410 unum
379 3344 519 3408 milliare
547 3349 718 3432 reperitur
743 3343 838 3408 Setus
862 3341 1044 3428 Iohannes

49 3473 139 3514 cum
168 3447 324 3531 viridario
354 3443 439 3508 bene
463 3445 581 3512 arbuto
604 3455 702 3535 atque
728 3455 821 3508 ιιιιιο
848 3467 927 3516 oum
954 3443 1045 3540 fonte

49 3571 183 3642 aquom
202 3541 465 3612 recentissimam
488 3557 670 3612 emanente.
719 3543 778 3610 Aa
797 3533 1048 3623 Cocomeroau's

49 3675 152 3718 nuno
180 3656 243 3714 erit
267 3661 383 3718 nostra
405 3645 547 3726 locutio}
573 3671 660 3736 quae
681 3671 717 3712 a
724 3657 816 3732 parte
841 3647 991 3714 meridiei
1014 3658 1047 3712 ot

49 3777 122 3844 per
139 3751 322 3838 occiduum
339 3748 479 3814 arbores
487 3749 619 3822 ¹lentisci
634 3755 669 3812 in
683 3747 866 3832 humilibus
887 3747 1046 3834 collibusp

49 3875 236 3944 gemmam
252 3857 396 3922 masticis
412 3857 447 3924 in
461 3851 532 3916 solo
550 3857 680 3920 munito
695 3852 804 3916 coloni
821 3862 971 3937 tempore
990 3869 1047 3934 ιιι
1147 3941 1151 3948 ν

480 3965 483 3974 ’
803 3951 840 4016 ll
900 3973 905 3986 “
