<?xml version="1.0" encoding="UTF-8"?>
<!DOCTYPE html PUBLIC "-//W3C//DTD XHTML 1.0 Transitional//EN"
    "http://www.w3.org/TR/xhtml1/DTD/xhtml1-transitional.dtd">
<html xmlns="http://www.w3.org/1999/xhtml" xml:lang="en" lang="en">
 <head>
  <title>
</title>
<meta http-equiv="Content-Type" content="text/html;charset=utf-8" />
  <meta name='ocr-system' content='tesseract 3.04.00' />
  <meta name='ocr-capabilities' content='ocr_page ocr_carea ocr_par ocr_line ocrx_word'/>
</head>
<body>
  <div class='ocr_page' id='page_1' title='image "./christophbondel00buongoog_0247.png"; bbox 0 0 2728 5186; ppageno 0'>
   <div class='ocr_carea' id='block_1_1' title="bbox 290 439 366 518">
    <p class='ocr_par' dir='ltr' id='par_1_1' title="bbox 290 439 366 518">
     <span class='ocr_line' id='line_1_1' title="bbox 290 439 366 518; baseline -0.039 -1"><span class='ocrx_word' id='word_1_1' title='bbox 290 439 366 518; x_wconf 73' lang='lat' dir='ltr'>aio</span> 
     </span>
    </p>
   </div>
   <div class='ocr_carea' id='block_1_2' title="bbox 166 638 1348 3478">
    <p class='ocr_par' dir='ltr' id='par_1_2' title="bbox 324 638 1285 888">
     <span class='ocr_line' id='line_1_2' title="bbox 325 638 1285 720; baseline 0.014 -30"><span class='ocrx_word' id='word_1_2' title='bbox 325 638 408 706; x_wconf 59' lang='lat' dir='ltr'>auiis}</span> <span class='ocrx_word' id='word_1_3' title='bbox 423 638 487 692; x_wconf 78' lang='lat' dir='ltr'>suis</span> <span class='ocrx_word' id='word_1_4' title='bbox 503 655 674 716; x_wconf 82' lang='lat' dir='ltr'>exornasse,</span> <span class='ocrx_word' id='word_1_5' title='bbox 691 639 829 711; x_wconf 81' lang='lat' dir='ltr'>illiusque</span> <span class='ocrx_word' id='word_1_6' title='bbox 843 639 1017 718; x_wconf 76' lang='lat' dir='ltr'>testudinem</span> <span class='ocrx_word' id='word_1_7' title='bbox 1036 641 1186 715; x_wconf 69' lang='lat' dir='ltr'>salignea</span> <span class='ocrx_word' id='word_1_8' title='bbox 1209 648 1285 720; x_wconf 86' lang='lat' dir='ltr'>iapi-</span> 
     </span>
     <span class='ocr_line' id='line_1_3' title="bbox 324 723 1284 804; baseline 0.01 -26"><span class='ocrx_word' id='word_1_9' title='bbox 324 725 407 780; x_wconf 88' lang='lat' dir='ltr'>deam</span> <span class='ocrx_word' id='word_1_10' title='bbox 425 723 536 781; x_wconf 78' lang='lat' dir='ltr'>iecisse.</span> <span class='ocrx_word' id='word_1_11' title='bbox 570 727 677 781; x_wconf 84' lang='lat' dir='ltr'>Eadem</span> <span class='ocrx_word' id='word_1_12' title='bbox 691 727 777 782; x_wconf 80' lang='lat' dir='ltr'>rerba</span> <span class='ocrx_word' id='word_1_13' title='bbox 792 726 880 782; x_wconf 86' lang='lat' dir='ltr'>habet</span> <span class='ocrx_word' id='word_1_14' title='bbox 898 726 1049 796; x_wconf 68' lang='lat' dir='ltr'>destinae,</span> <span class='ocrx_word' id='word_1_15' title='bbox 1066 748 1163 804; x_wconf 89' lang='lat' dir='ltr'>neque</span> <span class='ocrx_word' id='word_1_16' title='bbox 1185 734 1284 804; x_wconf 89' lang='lat' dir='ltr'>aliud,</span> 
     </span>
     <span class='ocr_line' id='line_1_4' title="bbox 326 811 1285 888; baseline 0.006 -20"><span class='ocrx_word' id='word_1_17' title='bbox 326 817 447 884; x_wconf 85' lang='lat' dir='ltr'>opinor,</span> <span class='ocrx_word' id='word_1_18' title='bbox 477 811 533 867; x_wconf 81' lang='lat' dir='ltr'>luit</span> <span class='ocrx_word' id='word_1_19' title='bbox 560 815 702 888; x_wconf 84' lang='lat' dir='ltr'>templum</span> <span class='ocrx_word' id='word_1_20' title='bbox 728 813 802 868; x_wconf 88' lang='lat' dir='ltr'>illud</span> <span class='ocrx_word' id='word_1_21' title='bbox 830 815 1046 870; x_wconf 78' lang='lat' dir='ltr'>Resurrecticni</span> <span class='ocrx_word' id='word_1_22' title='bbox 1068 815 1176 888; x_wconf 79' lang='lat' dir='ltr'>Christi</span> <span class='ocrx_word' id='word_1_23' title='bbox 1207 821 1285 874; x_wconf 84' lang='lat' dir='ltr'>dica·</span> 
     </span>
    </p>

    <p class='ocr_par' dir='ltr' id='par_1_3' title="bbox 284 897 1284 1061">
     <span class='ocr_line' id='line_1_5' title="bbox 284 897 1284 974; baseline 0.006 -18"><span class='ocrx_word' id='word_1_24' title='bbox 284 899 288 906; x_wconf 86' lang='grc'><strong>’</strong></span> <span class='ocrx_word' id='word_1_25' title='bbox 321 914 399 968; x_wconf 87' lang='lat' dir='ltr'>turn,</span> <span class='ocrx_word' id='word_1_26' title='bbox 423 900 502 969; x_wconf 88' lang='lat' dir='ltr'>quod</span> <span class='ocrx_word' id='word_1_27' title='bbox 516 917 531 952; x_wconf 88' lang='lat' dir='ltr'>a</span> <span class='ocrx_word' id='word_1_28' title='bbox 545 897 670 974; x_wconf 82' lang='lat' dir='ltr'>Georgio</span> <span class='ocrx_word' id='word_1_29' title='bbox 684 901 844 972; x_wconf 84' lang='lat' dir='ltr'>Logotheta</span> <span class='ocrx_word' id='word_1_30' title='bbox 862 901 1056 971; x_wconf 79' lang='lat' dir='ltr'>aedificatum,</span> <span class='ocrx_word' id='word_1_31' title='bbox 1083 919 1135 958; x_wconf 83' lang='lat' dir='ltr'>seu</span> <span class='ocrx_word' id='word_1_32' title='bbox 1148 903 1225 960; x_wconf 81' lang='lat' dir='ltr'>forte</span> <span class='ocrx_word' id='word_1_33' title='bbox 1248 908 1284 962; x_wconf 89' lang='lat' dir='ltr'>de</span> 
     </span>
     <span class='ocr_line' id='line_1_6' title="bbox 324 987 1283 1061; baseline 0.004 -19"><span class='ocrx_word' id='word_1_34' title='bbox 324 1007 402 1044; x_wconf 81' lang='lat' dir='ltr'>novo</span> <span class='ocrx_word' id='word_1_35' title='bbox 423 989 627 1056; x_wconf 84' lang='lat' dir='ltr'>instauratum,</span> <span class='ocrx_word' id='word_1_36' title='bbox 654 987 750 1060; x_wconf 81' lang='lat' dir='ltr'>prodit</span> <span class='ocrx_word' id='word_1_37' title='bbox 766 991 846 1042; x_wconf 89' lang='lat' dir='ltr'>illius</span> <span class='ocrx_word' id='word_1_38' title='bbox 863 987 1008 1043; x_wconf 75' lang='lat' dir='ltr'>Historiae</span> <span class='ocrx_word' id='word_1_39' title='bbox 1022 991 1147 1045; x_wconf 88' lang='lat' dir='ltr'>ineditae</span> <span class='ocrx_word' id='word_1_40' title='bbox 1161 993 1283 1061; x_wconf 86' lang='lat' dir='ltr'>titulus,</span> 
     </span>
    </p>

    <p class='ocr_par' dir='ltr' id='par_1_4' title="bbox 286 1071 1282 1317">
     <span class='ocr_line' id='line_1_7' title="bbox 286 1071 1282 1148; baseline 0.004 -20"><span class='ocrx_word' id='word_1_41' title='bbox 286 1071 290 1078; x_wconf 82' lang='grc'><strong>’</strong></span> <span class='ocrx_word' id='word_1_42' title='bbox 323 1093 410 1148; x_wconf 86' lang='lat' dir='ltr'>quem</span> <span class='ocrx_word' id='word_1_43' title='bbox 424 1076 523 1130; x_wconf 90' lang='lat' dir='ltr'>laudat</span> <span class='ocrx_word' id='word_1_44' title='bbox 533 1071 659 1127; x_wconf 81' lang='lat' dir='ltr'>Alietius</span> <span class='ocrx_word' id='word_1_45' title='bbox 678 1077 710 1126; x_wconf 90' lang='lat' dir='ltr'>in</span> <span class='ocrx_word' id='word_1_46' title='bbox 725 1073 845 1128; x_wconf 76' lang='lat' dir='ltr'><strong>diatriba</strong></span> <span class='ocrx_word' id='word_1_47' title='bbox 860 1075 895 1128; x_wconf 88' lang='lat' dir='ltr'>de</span> <span class='ocrx_word' id='word_1_48' title='bbox 909 1075 1117 1146; x_wconf 80' lang='lat' dir='ltr'>Symeonibus:</span> <span class='ocrx_word' id='word_1_49' title='bbox 1138 1077 1154 1144; x_wconf 77' lang='grc' dir='ltr'><strong>ἦ</strong></span> <span class='ocrx_word' id='word_1_50' title='bbox 1175 1075 1282 1148; x_wconf 64' lang='grc' dir='ltr'>παρεῖσά</span> 
     </span>
     <span class='ocr_line' id='line_1_8' title="bbox 324 1159 1282 1232; baseline 0.003 -17"><span class='ocrx_word' id='word_1_51' title='bbox 324 1159 441 1231; x_wconf 78' lang='grc' dir='ltr'><strong><em>Χρονικὴ</em></strong></span> <span class='ocrx_word' id='word_1_52' title='bbox 455 1161 592 1232; x_wconf 73' lang='grc' dir='ltr'>συγγραφὴ</span> <span class='ocrx_word' id='word_1_53' title='bbox 606 1163 638 1211; x_wconf 77' lang='lat' dir='ltr'>ssi</span> <span class='ocrx_word' id='word_1_54' title='bbox 652 1159 766 1228; x_wconf 69' lang='lat' dir='ltr'>Mardis</span> <span class='ocrx_word' id='word_1_55' title='bbox 778 1161 926 1230; x_wconf 67' lang='lat' dir='ltr'>Aoyoos‘aa</span> <span class='ocrx_word' id='word_1_56' title='bbox 941 1165 973 1212; x_wconf 75' lang='lat' dir='ltr'>tsi</span> <span class='ocrx_word' id='word_1_57' title='bbox 982 1159 1150 1232; x_wconf 57' lang='lat' dir='ltr'>&amp;expensura</span> <span class='ocrx_word' id='word_1_58' title='bbox 1170 1168 1233 1226; x_wconf 70' lang='grc' dir='ltr'><strong><em>ῐςίν,</em></strong></span> <span class='ocrx_word' id='word_1_59' title='bbox 1251 1167 1282 1224; x_wconf 78' lang='grc' dir='ltr'>ὅς</span> 
     </span>
     <span class='ocr_line' id='line_1_9' title="bbox 324 1243 1282 1317; baseline 0.002 -17"><span class='ocrx_word' id='word_1_60' title='bbox 324 1249 405 1300; x_wconf 65' lang='grc' dir='ltr'>ἔκτισε</span> <span class='ocrx_word' id='word_1_61' title='bbox 424 1247 455 1299; x_wconf 78' lang='grc' dir='ltr'>τὸ</span> <span class='ocrx_word' id='word_1_62' title='bbox 471 1246 646 1315; x_wconf 73' lang='grc' dir='ltr'><strong><em>Μοναςήριον</em></strong></span> <span class='ocrx_word' id='word_1_63' title='bbox 658 1249 706 1312; x_wconf 77' lang='grc' dir='ltr'>τῆς</span> <span class='ocrx_word' id='word_1_64' title='bbox 719 1243 796 1314; x_wconf 70' lang='lat' dir='ltr'>siriae</span> <span class='ocrx_word' id='word_1_65' title='bbox 815 1249 848 1298; x_wconf 74' lang='lat' dir='ltr'>sai</span> <span class='ocrx_word' id='word_1_66' title='bbox 864 1249 949 1317; x_wconf 75' lang='lat' dir='ltr'>Xpsrri</span> <span class='ocrx_word' id='word_1_67' title='bbox 964 1246 1121 1308; x_wconf 78' lang='grc' dir='ltr'>Ἄναςᾶσεως</span> <span class='ocrx_word' id='word_1_68' title='bbox 1134 1250 1195 1317; x_wconf 83' lang='lat' dir='ltr'>(Ex</span> <span class='ocrx_word' id='word_1_69' title='bbox 1209 1252 1282 1308; x_wconf 73' lang='lat' dir='ltr'>And.</span> 
     </span>
    </p>

    <p class='ocr_par' dir='ltr' id='par_1_5' title="bbox 322 1331 1283 1839">
     <span class='ocr_line' id='line_1_10' title="bbox 322 1331 1281 1408; baseline 0.001 -17"><span class='ocrx_word' id='word_1_70' title='bbox 322 1356 352 1408; x_wconf 87' lang='lat' dir='ltr'>p.</span> <span class='ocrx_word' id='word_1_71' title='bbox 360 1334 445 1400; x_wconf 83' lang='grc'><strong>599.).</strong></span> <span class='ocrx_word' id='word_1_72' title='bbox 480 1331 526 1386; x_wconf 79' lang='lat' dir='ltr'>Ex</span> <span class='ocrx_word' id='word_1_73' title='bbox 544 1331 694 1405; x_wconf 86' lang='lat' dir='ltr'>praedictis</span> <span class='ocrx_word' id='word_1_74' title='bbox 708 1332 875 1402; x_wconf 87' lang='lat' dir='ltr'>conficitur,</span> <span class='ocrx_word' id='word_1_75' title='bbox 894 1333 1110 1390; x_wconf 79' lang='lat' dir='ltr'>Anastasianam</span> <span class='ocrx_word' id='word_1_76' title='bbox 1125 1336 1234 1391; x_wconf 80' lang='lat' dir='ltr'>Aedem</span> <span class='ocrx_word' id='word_1_77' title='bbox 1247 1341 1281 1392; x_wconf 86' lang='lat' dir='ltr'>in</span> 
     </span>
     <span class='ocr_line' id='line_1_11' title="bbox 324 1418 1283 1492; baseline -0.006 -14"><span class='ocrx_word' id='word_1_78' title='bbox 324 1443 356 1478; x_wconf 89' lang='lat' dir='ltr'>ea</span> <span class='ocrx_word' id='word_1_79' title='bbox 376 1421 456 1476; x_wconf 91' lang='lat' dir='ltr'>urbis</span> <span class='ocrx_word' id='word_1_80' title='bbox 478 1422 597 1489; x_wconf 77' lang='lat' dir='ltr'>regione</span> <span class='ocrx_word' id='word_1_81' title='bbox 619 1421 761 1487; x_wconf 70' lang='lat' dir='ltr'>extitisse,</span> <span class='ocrx_word' id='word_1_82' title='bbox 783 1418 835 1473; x_wconf 88' lang='lat' dir='ltr'>ubi</span> <span class='ocrx_word' id='word_1_83' title='bbox 853 1431 934 1474; x_wconf 90' lang='lat' dir='ltr'>erant</span> <span class='ocrx_word' id='word_1_84' title='bbox 953 1425 1082 1492; x_wconf 87' lang='lat' dir='ltr'>porticus</span> <span class='ocrx_word' id='word_1_85' title='bbox 1099 1422 1244 1478; x_wconf 89' lang='lat' dir='ltr'>Domnini</span> <span class='ocrx_word' id='word_1_86' title='bbox 1263 1443 1283 1480; x_wconf 85' lang='lat' dir='ltr'>e.</span> 
     </span>
     <span class='ocr_line' id='line_1_12' title="bbox 322 1503 1281 1580; baseline -0.001 -17"><span class='ocrx_word' id='word_1_87' title='bbox 322 1511 441 1580; x_wconf 85' lang='lat' dir='ltr'>regione</span> <span class='ocrx_word' id='word_1_88' title='bbox 457 1503 566 1578; x_wconf 78' lang='lat' dir='ltr'>publici</span> <span class='ocrx_word' id='word_1_89' title='bbox 580 1503 692 1572; x_wconf 85' lang='lat' dir='ltr'>balnei,</span> <span class='ocrx_word' id='word_1_90' title='bbox 712 1505 857 1574; x_wconf 88' lang='lat' dir='ltr'>Dagistaei</span> <span class='ocrx_word' id='word_1_91' title='bbox 872 1509 1049 1580; x_wconf 87' lang='lat' dir='ltr'>nuncupati,</span> <span class='ocrx_word' id='word_1_92' title='bbox 1072 1518 1105 1563; x_wconf 87' lang='lat' dir='ltr'>ut</span> <span class='ocrx_word' id='word_1_93' title='bbox 1119 1511 1160 1564; x_wconf 87' lang='lat' dir='ltr'>ait</span> <span class='ocrx_word' id='word_1_94' title='bbox 1179 1511 1281 1562; x_wconf 77' lang='lat' dir='ltr'>Gedra-</span> 
     </span>
     <span class='ocr_line' id='line_1_13' title="bbox 322 1593 1281 1666; baseline 0.004 -20"><span class='ocrx_word' id='word_1_95' title='bbox 322 1611 376 1646; x_wconf 82' lang='lat' dir='ltr'>nus</span> <span class='ocrx_word' id='word_1_96' title='bbox 396 1615 424 1666; x_wconf 88' lang='lat' dir='ltr'>p.</span> <span class='ocrx_word' id='word_1_97' title='bbox 439 1595 501 1650; x_wconf 81' lang='lat'><strong>392.</strong></span> <span class='ocrx_word' id='word_1_98' title='bbox 524 1595 556 1646; x_wconf 92' lang='lat' dir='ltr'>in</span> <span class='ocrx_word' id='word_1_99' title='bbox 578 1593 696 1661; x_wconf 84' lang='lat' dir='ltr'>regione</span> <span class='ocrx_word' id='word_1_100' title='bbox 716 1593 850 1664; x_wconf 87' lang='lat' dir='ltr'>septima,</span> <span class='ocrx_word' id='word_1_101' title='bbox 873 1605 907 1646; x_wconf 87' lang='lat' dir='ltr'>ut</span> <span class='ocrx_word' id='word_1_102' title='bbox 922 1605 965 1648; x_wconf 89' lang='lat' dir='ltr'>est</span> <span class='ocrx_word' id='word_1_103' title='bbox 981 1595 1014 1648; x_wconf 88' lang='lat' dir='ltr'>in</span> <span class='ocrx_word' id='word_1_104' title='bbox 1026 1597 1117 1650; x_wconf 80' lang='lat' dir='ltr'>veteri</span> <span class='ocrx_word' id='word_1_105' title='bbox 1133 1594 1220 1650; x_wconf 85' lang='lat' dir='ltr'>Urbis</span> <span class='ocrx_word' id='word_1_106' title='bbox 1234 1595 1281 1650; x_wconf 92' lang='lat' dir='ltr'>de·</span> 
     </span>
     <span class='ocr_line' id='line_1_14' title="bbox 323 1676 1280 1754; baseline 0 -18"><span class='ocrx_word' id='word_1_107' title='bbox 323 1683 490 1754; x_wconf 70' lang='lat' dir='ltr'>scriptione.</span> <span class='ocrx_word' id='word_1_108' title='bbox 507 1679 597 1734; x_wconf 87' lang='lat' dir='ltr'>Porro</span> <span class='ocrx_word' id='word_1_109' title='bbox 609 1676 699 1732; x_wconf 81' lang='lat' dir='ltr'>Aedes</span> <span class='ocrx_word' id='word_1_110' title='bbox 713 1680 765 1732; x_wconf 87' lang='lat' dir='ltr'>illa</span> <span class='ocrx_word' id='word_1_111' title='bbox 778 1679 869 1734; x_wconf 77' lang='lat' dir='ltr'>Divae</span> <span class='ocrx_word' id='word_1_112' title='bbox 878 1679 1041 1734; x_wconf 82' lang='lat' dir='ltr'>Anastasiae</span> <span class='ocrx_word' id='word_1_113' title='bbox 1054 1679 1178 1753; x_wconf 81' lang='lat' dir='ltr'>Maityri</span> <span class='ocrx_word' id='word_1_114' title='bbox 1191 1700 1280 1752; x_wconf 84' lang='lat' dir='ltr'>quam</span> 
     </span>
     <span class='ocr_line' id='line_1_15' title="bbox 325 1765 1280 1839; baseline 0.003 -20"><span class='ocrx_word' id='word_1_115' title='bbox 325 1767 564 1838; x_wconf 75' lang='grc' dir='ltr'><strong><em>Φαρμακολυτρίαν</em></strong></span> <span class='ocrx_word' id='word_1_116' title='bbox 585 1778 703 1835; x_wconf 80' lang='lat' dir='ltr'>vocant,</span> <span class='ocrx_word' id='word_1_117' title='bbox 729 1785 860 1838; x_wconf 87' lang='lat' dir='ltr'>quaeque</span> <span class='ocrx_word' id='word_1_118' title='bbox 876 1765 1051 1838; x_wconf 78' lang='lat' dir='ltr'>Martyrium</span> <span class='ocrx_word' id='word_1_119' title='bbox 1073 1785 1156 1839; x_wconf 86' lang='lat' dir='ltr'>passa</span> <span class='ocrx_word' id='word_1_120' title='bbox 1172 1781 1216 1823; x_wconf 86' lang='lat' dir='ltr'>est</span> <span class='ocrx_word' id='word_1_121' title='bbox 1224 1769 1280 1822; x_wconf 83' lang='lat' dir='ltr'>Va·</span> 
     </span>
    </p>

    <p class='ocr_par' dir='ltr' id='par_1_6' title="bbox 291 1849 1282 2097">
     <span class='ocr_line' id='line_1_16' title="bbox 291 1849 1282 1927; baseline -0.002 -15"><span class='ocrx_word' id='word_1_122' title='bbox 291 1849 295 1858; x_wconf 79' lang='grc'>’</span> <span class='ocrx_word' id='word_1_123' title='bbox 321 1857 432 1912; x_wconf 88' lang='lat' dir='ltr'>leriano</span> <span class='ocrx_word' id='word_1_124' title='bbox 446 1858 622 1927; x_wconf 80' lang='lat' dir='ltr'>imperante,</span> <span class='ocrx_word' id='word_1_125' title='bbox 637 1865 718 1908; x_wconf 79' lang='lat' dir='ltr'>sacra·</span> <span class='ocrx_word' id='word_1_126' title='bbox 728 1852 792 1906; x_wconf 86' lang='lat' dir='ltr'>luit.</span> <span class='ocrx_word' id='word_1_127' title='bbox 824 1853 907 1907; x_wconf 89' lang='lat' dir='ltr'>Illius</span> <span class='ocrx_word' id='word_1_128' title='bbox 921 1871 1026 1926; x_wconf 90' lang='lat' dir='ltr'>corpus</span> <span class='ocrx_word' id='word_1_129' title='bbox 1040 1855 1198 1908; x_wconf 77' lang='lat' dir='ltr'>etiamnum</span> <span class='ocrx_word' id='word_1_130' title='bbox 1207 1855 1282 1910; x_wconf 86' lang='lat' dir='ltr'>Con·</span> 
     </span>
     <span class='ocr_line' id='line_1_17' title="bbox 319 1939 1279 2014; baseline -0.004 -16"><span class='ocrx_word' id='word_1_131' title='bbox 319 1944 512 2014; x_wconf 82' lang='lat' dir='ltr'>stantinopoli</span> <span class='ocrx_word' id='word_1_132' title='bbox 531 1943 669 1994; x_wconf 78' lang='lat' dir='ltr'>asservari</span> <span class='ocrx_word' id='word_1_133' title='bbox 686 1943 719 1994; x_wconf 89' lang='lat' dir='ltr'>in</span> <span class='ocrx_word' id='word_1_134' title='bbox 738 1939 867 1992; x_wconf 83' lang='lat' dir='ltr'>Ecclesia</span> <span class='ocrx_word' id='word_1_135' title='bbox 884 1939 1072 1996; x_wconf 86' lang='lat' dir='ltr'>Patriarchali</span> <span class='ocrx_word' id='word_1_136' title='bbox 1087 1939 1279 2012; x_wconf 85' lang='lat' dir='ltr'>Graecorum,</span> 
     </span>
     <span class='ocr_line' id='line_1_18' title="bbox 320 2025 1277 2097; baseline -0.002 -14"><span class='ocrx_word' id='word_1_137' title='bbox 320 2043 403 2083; x_wconf 88' lang='lat' dir='ltr'>autor</span> <span class='ocrx_word' id='word_1_138' title='bbox 420 2042 462 2084; x_wconf 89' lang='lat' dir='ltr'>est</span> <span class='ocrx_word' id='word_1_139' title='bbox 481 2029 514 2082; x_wconf 85' lang='lat' dir='ltr'>li.</span> <span class='ocrx_word' id='word_1_140' title='bbox 528 2027 557 2081; x_wconf 86' lang='grc' dir='ltr'>Ρ.</span> <span class='ocrx_word' id='word_1_141' title='bbox 579 2025 720 2093; x_wconf 82' lang='lat' dir='ltr'>Pacificus</span> <span class='ocrx_word' id='word_1_142' title='bbox 745 2029 778 2078; x_wconf 89' lang='lat' dir='ltr'>in</span> <span class='ocrx_word' id='word_1_143' title='bbox 794 2026 947 2081; x_wconf 88' lang='lat' dir='ltr'>Itinerario</span> <span class='ocrx_word' id='word_1_144' title='bbox 962 2026 993 2080; x_wconf 89' lang='lat' dir='ltr'>C.</span> <span class='ocrx_word' id='word_1_145' title='bbox 1006 2025 1036 2081; x_wconf 89' lang='lat' dir='ltr'>P.</span> <span class='ocrx_word' id='word_1_146' title='bbox 1053 2046 1082 2097; x_wconf 86' lang='lat' dir='ltr'>p.</span> <span class='ocrx_word' id='word_1_147' title='bbox 1093 2027 1137 2082; x_wconf 81' lang='lat'>38.</span> <span class='ocrx_word' id='word_1_148' title='bbox 1178 2027 1277 2081; x_wconf 81' lang='lat' dir='ltr'>Huius</span> 
     </span>
    </p>

    <p class='ocr_par' dir='ltr' id='par_1_7' title="bbox 166 2087 1348 2259">
     <span class='ocr_line' id='line_1_19' title="bbox 166 2110 1276 2213; baseline -0.004 -42"><span class='ocrx_word' id='word_1_149' title='bbox 166 2123 282 2213; x_wconf 77' lang='lat' dir='ltr'>p.187·</span> <span class='ocrx_word' id='word_1_150' title='bbox 323 2115 428 2170; x_wconf 75' lang='lat' dir='ltr'>festum</span> <span class='ocrx_word' id='word_1_151' title='bbox 443 2127 532 2184; x_wconf 89' lang='lat' dir='ltr'>agunt</span> <span class='ocrx_word' id='word_1_152' title='bbox 547 2113 647 2168; x_wconf 84' lang='lat' dir='ltr'>Graeci</span> <span class='ocrx_word' id='word_1_153' title='bbox 662 2114 705 2168; x_wconf 84' lang='lat'>29.</span> <span class='ocrx_word' id='word_1_154' title='bbox 739 2111 834 2165; x_wconf 89' lang='lat' dir='ltr'>Latini</span> <span class='ocrx_word' id='word_1_155' title='bbox 845 2114 888 2168; x_wconf 76' lang='lat'>28.</span> <span class='ocrx_word' id='word_1_156' title='bbox 898 2110 1014 2166; x_wconf 87' lang='lat' dir='ltr'>Octob.=</span> <span class='ocrx_word' id='word_1_157' title='bbox 1039 2111 1114 2166; x_wconf 85' lang='lat' dir='ltr'>Vide</span> <span class='ocrx_word' id='word_1_158' title='bbox 1128 2113 1276 2184; x_wconf 84' lang='lat' dir='ltr'>Menclog.</span> 
     </span>
     <span class='ocr_line' id='line_1_20' title="bbox 327 2197 1014 2259; baseline 0.003 -7"><span class='ocrx_word' id='word_1_159' title='bbox 327 2201 425 2252; x_wconf 80' lang='lat' dir='ltr'>Sirlsti</span> <span class='ocrx_word' id='word_1_160' title='bbox 441 2203 482 2259; x_wconf 80' lang='lat'>12.</span> <span class='ocrx_word' id='word_1_161' title='bbox 492 2199 594 2254; x_wconf 85' lang='lat' dir='ltr'>Octob.</span> <span class='ocrx_word' id='word_1_162' title='bbox 611 2211 639 2252; x_wconf 90' lang='lat' dir='ltr'>et</span> <span class='ocrx_word' id='word_1_163' title='bbox 657 2199 759 2248; x_wconf 81' lang='lat' dir='ltr'>Baton.</span> <span class='ocrx_word' id='word_1_164' title='bbox 775 2197 809 2250; x_wconf 87' lang='lat' dir='ltr'>ad</span> <span class='ocrx_word' id='word_1_165' title='bbox 824 2201 868 2254; x_wconf 75' lang='lat'>25.</span> <span class='ocrx_word' id='word_1_166' title='bbox 879 2197 1014 2254; x_wconf 88' lang='lat' dir='ltr'>Decemb.</span> 
     </span>
    </p>

    <p class='ocr_par' dir='ltr' id='par_1_8' title="bbox 290 2275 1348 2444">
     <span class='ocr_line' id='line_1_21' title="bbox 290 2281 1273 2358; baseline 0.004 -20"><span class='ocrx_word' id='word_1_167' title='bbox 290 2285 544 2356; x_wconf 81' lang='lat' dir='ltr'>Periulspeos]</span> <span class='ocrx_word' id='word_1_168' title='bbox 579 2283 1005 2358; x_wconf 82' lang='lat' dir='ltr'>VideNotasadAlex.p.70.</span> <span class='ocrx_word' id='word_1_169' title='bbox 1040 2281 1131 2351; x_wconf 70' lang='lat' dir='ltr'>[dP.</span> <span class='ocrx_word' id='word_1_170' title='bbox 1146 2285 1273 2342; x_wconf 65' lang='lat' dir='ltr'>chal-1.</span> 
     </span>
     <span class='ocr_line' id='line_1_22' title="bbox 323 2373 1348 2444; baseline 0.004 -16"><span class='ocrx_word' id='word_1_171' title='bbox 323 2393 346 2428; x_wconf 88' lang='lat' dir='ltr'>c.</span> <span class='ocrx_word' id='word_1_172' title='bbox 355 2377 381 2430; x_wconf 88' lang='lat'>2.</span> <span class='ocrx_word' id='word_1_173' title='bbox 404 2392 433 2426; x_wconf 90' lang='lat' dir='ltr'>n.</span> <span class='ocrx_word' id='word_1_174' title='bbox 441 2375 485 2432; x_wconf 79' lang='lat'>36.</span> <span class='ocrx_word' id='word_1_175' title='bbox 524 2373 572 2439; x_wconf 61' lang='grc' dir='ltr'>ἃ]</span> <span class='ocrx_word' id='word_1_176' title='bbox 1347 2417 1348 2444; x_wconf 74' lang='lat'>,</span> 
     </span>
    </p>

    <p class='ocr_par' dir='ltr' id='par_1_9' title="bbox 291 2455 1348 2540">
     <span class='ocr_line' id='line_1_23' title="bbox 291 2455 1348 2540; baseline -0.002 -26"><span class='ocrx_word' id='word_1_177' title='bbox 291 2461 321 2514; x_wconf 75' lang='lat' dir='ltr'>S.</span> <span class='ocrx_word' id='word_1_178' title='bbox 339 2463 492 2514; x_wconf 79' lang='lat' dir='ltr'>Ioannes</span> <span class='ocrx_word' id='word_1_179' title='bbox 509 2459 547 2511; x_wconf 83' lang='lat' dir='ltr'>ds</span> <span class='ocrx_word' id='word_1_180' title='bbox 569 2459 717 2526; x_wconf 80' lang='lat' dir='ltr'>Studio]</span> <span class='ocrx_word' id='word_1_181' title='bbox 753 2457 828 2513; x_wconf 78' lang='lat' dir='ltr'>vide</span> <span class='ocrx_word' id='word_1_182' title='bbox 845 2457 968 2540; x_wconf 64' lang='lat' dir='ltr'>Tractat.</span> <span class='ocrx_word' id='word_1_183' title='bbox 986 2457 1020 2512; x_wconf 90' lang='lat' dir='ltr'>de</span> <span class='ocrx_word' id='word_1_184' title='bbox 1035 2455 1135 2532; x_wconf 82' lang='lat' dir='ltr'>Capite</span> <span class='ocrx_word' id='word_1_185' title='bbox 1151 2457 1180 2512; x_wconf 83' lang='grc'>8.</span> <span class='ocrx_word' id='word_1_186' title='bbox 1193 2459 1275 2513; x_wconf 90' lang='lat' dir='ltr'>Ioan·</span> <span class='ocrx_word' id='word_1_187' title='bbox 1347 2457 1348 2478; x_wconf 55' lang='lat'><em>*</em></span> 
     </span>
    </p>

    <p class='ocr_par' dir='ltr' id='par_1_10' title="bbox 296 2541 924 2619">
     <span class='ocr_line' id='line_1_24' title="bbox 296 2541 924 2619; baseline -0.008 -17"><span class='ocrx_word' id='word_1_188' title='bbox 296 2553 299 2560; x_wconf 57' lang='lat'><strong>⁴</strong></span> <span class='ocrx_word' id='word_1_189' title='bbox 321 2553 367 2602; x_wconf 91' lang='lat' dir='ltr'>nis</span> <span class='ocrx_word' id='word_1_190' title='bbox 382 2547 463 2619; x_wconf 82' lang='lat' dir='ltr'>Bapt.</span> <span class='ocrx_word' id='word_1_191' title='bbox 477 2565 537 2618; x_wconf 87' lang='lat' dir='ltr'>cap.</span> <span class='ocrx_word' id='word_1_192' title='bbox 546 2543 572 2602; x_wconf 88' lang='grc'>7.</span> <span class='ocrx_word' id='word_1_193' title='bbox 585 2543 657 2599; x_wconf 86' lang='grc' dir='ltr'><strong>Ν.9.</strong></span> <span class='ocrx_word' id='word_1_194' title='bbox 671 2559 699 2600; x_wconf 86' lang='lat' dir='ltr'>et</span> <span class='ocrx_word' id='word_1_195' title='bbox 713 2544 780 2598; x_wconf 84' lang='lat' dir='ltr'>(iili.</span> <span class='ocrx_word' id='word_1_196' title='bbox 795 2541 849 2600; x_wconf 80' lang='lat' dir='ltr'>l.4.</span> <span class='ocrx_word' id='word_1_197' title='bbox 865 2543 924 2598; x_wconf 82' lang='lat' dir='ltr'>c.9.</span> 
     </span>
    </p>

    <p class='ocr_par' dir='ltr' id='par_1_11' title="bbox 288 2630 1275 2789">
     <span class='ocr_line' id='line_1_25' title="bbox 288 2630 1275 2702; baseline -0.001 -16"><span class='ocrx_word' id='word_1_198' title='bbox 288 2631 320 2694; x_wconf 66' lang='lat' dir='ltr'>ab,</span> <span class='ocrx_word' id='word_1_199' title='bbox 338 2635 528 2702; x_wconf 77' lang='lat' dir='ltr'>Andreas]</span> <span class='ocrx_word' id='word_1_200' title='bbox 565 2630 647 2685; x_wconf 86' lang='lat' dir='ltr'>lianc</span> <span class='ocrx_word' id='word_1_201' title='bbox 671 2632 768 2684; x_wconf 84' lang='lat' dir='ltr'>aedem</span> <span class='ocrx_word' id='word_1_202' title='bbox 783 2633 913 2684; x_wconf 83' lang='lat' dir='ltr'>extruxit</span> <span class='ocrx_word' id='word_1_203' title='bbox 926 2630 1045 2684; x_wconf 85' lang='lat' dir='ltr'>Arcadia</span> <span class='ocrx_word' id='word_1_204' title='bbox 1058 2630 1219 2685; x_wconf 74' lang='lat' dir='ltr'>Theodosii</span> <span class='ocrx_word' id='word_1_205' title='bbox 1231 2635 1275 2686; x_wconf 76' lang='lat' dir='ltr'>iu·</span> 
     </span>
     <span class='ocr_line' id='line_1_26' title="bbox 318 2714 1274 2789; baseline -0.005 -14"><span class='ocrx_word' id='word_1_206' title='bbox 318 2725 412 2776; x_wconf 86' lang='lat' dir='ltr'>nioris</span> <span class='ocrx_word' id='word_1_207' title='bbox 426 2737 524 2787; x_wconf 87' lang='lat' dir='ltr'>soror,</span> <span class='ocrx_word' id='word_1_208' title='bbox 542 2735 628 2789; x_wconf 88' lang='lat' dir='ltr'>aqua</span> <span class='ocrx_word' id='word_1_209' title='bbox 644 2718 779 2770; x_wconf 78' lang='lat' dir='ltr'>Arcadiae</span> <span class='ocrx_word' id='word_1_210' title='bbox 795 2716 882 2782; x_wconf 84' lang='lat' dir='ltr'>dicta,</span> <span class='ocrx_word' id='word_1_211' title='bbox 906 2727 940 2769; x_wconf 88' lang='lat' dir='ltr'>ut</span> <span class='ocrx_word' id='word_1_212' title='bbox 954 2729 996 2770; x_wconf 87' lang='lat' dir='ltr'>est</span> <span class='ocrx_word' id='word_1_213' title='bbox 1011 2719 1043 2769; x_wconf 91' lang='lat' dir='ltr'>in</span> <span class='ocrx_word' id='word_1_214' title='bbox 1064 2714 1196 2771; x_wconf 77' lang='lat' dir='ltr'>Chronico</span> <span class='ocrx_word' id='word_1_215' title='bbox 1208 2717 1274 2770; x_wconf 79' lang='lat' dir='ltr'>Ale-</span> 
     </span>
    </p>

    <p class='ocr_par' dir='ltr' id='par_1_12' title="bbox 296 2793 1272 2879">
     <span class='ocr_line' id='line_1_27' title="bbox 296 2793 1272 2879; baseline -0.003 -20"><span class='ocrx_word' id='word_1_216' title='bbox 296 2793 418 2861; x_wconf 51' lang='lat' dir='ltr'>sandr-</span> <span class='ocrx_word' id='word_1_217' title='bbox 440 2828 468 2879; x_wconf 88' lang='lat' dir='ltr'>p.</span> <span class='ocrx_word' id='word_1_218' title='bbox 479 2805 540 2862; x_wconf 85' lang='lat'><strong>711·</strong></span> <span class='ocrx_word' id='word_1_219' title='bbox 580 2805 684 2857; x_wconf 81' lang='lat' dir='ltr'>Extitit</span> <span class='ocrx_word' id='word_1_220' title='bbox 704 2805 756 2856; x_wconf 88' lang='lat' dir='ltr'>illa</span> <span class='ocrx_word' id='word_1_221' title='bbox 776 2804 860 2855; x_wconf 78' lang='lat' dir='ltr'>iuxta</span> <span class='ocrx_word' id='word_1_222' title='bbox 873 2801 1030 2872; x_wconf 88' lang='lat' dir='ltr'>Templum</span> <span class='ocrx_word' id='word_1_223' title='bbox 1049 2801 1146 2856; x_wconf 77' lang='lat' dir='ltr'>Sancti</span> <span class='ocrx_word' id='word_1_224' title='bbox 1167 2801 1272 2873; x_wconf 77' lang='lat' dir='ltr'>Mucii,</span> 
     </span>
    </p>

    <p class='ocr_par' dir='ltr' id='par_1_13' title="bbox 297 2885 1272 3136">
     <span class='ocr_line' id='line_1_28' title="bbox 297 2885 1271 2964; baseline -0.007 -16"><span class='ocrx_word' id='word_1_225' title='bbox 297 2885 303 2894; x_wconf 70' lang='grc'><strong><em>’</em></strong></span> <span class='ocrx_word' id='word_1_226' title='bbox 319 2911 444 2964; x_wconf 88' lang='lat' dir='ltr'>cumque</span> <span class='ocrx_word' id='word_1_227' title='bbox 465 2891 524 2946; x_wconf 86' lang='lat' dir='ltr'>lere</span> <span class='ocrx_word' id='word_1_228' title='bbox 547 2892 671 2962; x_wconf 83' lang='lat' dir='ltr'>collapsa</span> <span class='ocrx_word' id='word_1_229' title='bbox 687 2901 775 2956; x_wconf 85' lang='lat' dir='ltr'>esset,</span> <span class='ocrx_word' id='word_1_230' title='bbox 792 2887 870 2942; x_wconf 88' lang='lat' dir='ltr'>hanc</span> <span class='ocrx_word' id='word_1_231' title='bbox 886 2887 984 2942; x_wconf 84' lang='lat' dir='ltr'>reiecit</span> <span class='ocrx_word' id='word_1_232' title='bbox 995 2887 1121 2942; x_wconf 86' lang='lat' dir='ltr'>Basilius</span> <span class='ocrx_word' id='word_1_233' title='bbox 1135 2887 1271 2959; x_wconf 80' lang='lat' dir='ltr'>Macedo,</span> 
     </span>
     <span class='ocr_line' id='line_1_29' title="bbox 317 2965 1272 3048; baseline -0.01 -14"><span class='ocrx_word' id='word_1_234' title='bbox 317 2983 363 3034; x_wconf 89' lang='lat' dir='ltr'>uti</span> <span class='ocrx_word' id='word_1_235' title='bbox 374 2977 490 3033; x_wconf 88' lang='lat' dir='ltr'>tradunt</span> <span class='ocrx_word' id='word_1_236' title='bbox 509 2965 708 3028; x_wconf 69' lang='lat' dir='ltr'>Constantinus</span> <span class='ocrx_word' id='word_1_237' title='bbox 723 2977 756 3026; x_wconf 92' lang='lat' dir='ltr'>in</span> <span class='ocrx_word' id='word_1_238' title='bbox 771 2971 878 3027; x_wconf 87' lang='lat' dir='ltr'>Basilio</span> <span class='ocrx_word' id='word_1_239' title='bbox 893 2991 918 3027; x_wconf 89' lang='lat' dir='ltr'>c.</span> <span class='ocrx_word' id='word_1_240' title='bbox 926 2973 970 3030; x_wconf 83' lang='lat'>54.</span> <span class='ocrx_word' id='word_1_241' title='bbox 985 2987 1013 3029; x_wconf 94' lang='lat' dir='ltr'>et</span> <span class='ocrx_word' id='word_1_242' title='bbox 1025 2971 1161 3043; x_wconf 78' lang='lat' dir='ltr'>Scylitzsa</span> <span class='ocrx_word' id='word_1_243' title='bbox 1173 2996 1204 3048; x_wconf 87' lang='lat' dir='ltr'>p.</span> <span class='ocrx_word' id='word_1_244' title='bbox 1212 2979 1272 3034; x_wconf 82' lang='lat'><strong>587.</strong></span> 
     </span>
     <span class='ocr_line' id='line_1_30' title="bbox 318 3059 1272 3136; baseline -0.007 -14"><span class='ocrx_word' id='word_1_245' title='bbox 318 3068 480 3122; x_wconf 79' lang='lat' dir='ltr'>Renovavit</span> <span class='ocrx_word' id='word_1_246' title='bbox 497 3067 603 3118; x_wconf 87' lang='lat' dir='ltr'>iterum</span> <span class='ocrx_word' id='word_1_247' title='bbox 616 3060 787 3129; x_wconf 84' lang='lat' dir='ltr'>Theodora,</span> <span class='ocrx_word' id='word_1_248' title='bbox 812 3059 964 3114; x_wconf 84' lang='lat' dir='ltr'>Michaelis</span> <span class='ocrx_word' id='word_1_249' title='bbox 980 3060 1145 3131; x_wconf 88' lang='lat' dir='ltr'>Palaeologi</span> <span class='ocrx_word' id='word_1_250' title='bbox 1162 3063 1237 3136; x_wconf 87' lang='lat' dir='ltr'>Imp.</span> <span class='ocrx_word' id='word_1_251' title='bbox 1255 3081 1272 3120; x_wconf 85' lang='lat' dir='ltr'>e</span> 
     </span>
    </p>

    <p class='ocr_par' dir='ltr' id='par_1_14' title="bbox 226 3146 1271 3311">
     <span class='ocr_line' id='line_1_31' title="bbox 226 3146 1271 3220; baseline 0.004 -20"><span class='ocrx_word' id='word_1_252' title='bbox 226 3185 236 3200; x_wconf 73' lang='grc'><strong>.</strong></span> <span class='ocrx_word' id='word_1_253' title='bbox 319 3171 418 3207; x_wconf 87' lang='lat' dir='ltr'>sorore</span> <span class='ocrx_word' id='word_1_254' title='bbox 439 3151 562 3219; x_wconf 86' lang='lat' dir='ltr'>Eulogia</span> <span class='ocrx_word' id='word_1_255' title='bbox 580 3151 690 3220; x_wconf 85' lang='lat' dir='ltr'>neptis,</span> <span class='ocrx_word' id='word_1_256' title='bbox 717 3159 751 3200; x_wconf 87' lang='lat' dir='ltr'>ut</span> <span class='ocrx_word' id='word_1_257' title='bbox 774 3159 818 3201; x_wconf 86' lang='lat' dir='ltr'>est</span> <span class='ocrx_word' id='word_1_258' title='bbox 840 3146 917 3220; x_wconf 86' lang='lat' dir='ltr'>apud</span> <span class='ocrx_word' id='word_1_259' title='bbox 942 3147 1094 3218; x_wconf 79' lang='lat' dir='ltr'>Grsgaram</span> <span class='ocrx_word' id='word_1_260' title='bbox 1116 3151 1136 3202; x_wconf 92' lang='lat' dir='ltr'>l.</span> <span class='ocrx_word' id='word_1_261' title='bbox 1150 3151 1177 3204; x_wconf 85' lang='lat'>5.</span> <span class='ocrx_word' id='word_1_262' title='bbox 1198 3165 1227 3206; x_wconf 88' lang='lat' dir='ltr'>et</span> <span class='ocrx_word' id='word_1_263' title='bbox 1245 3155 1271 3210; x_wconf 83' lang='lat'>6.</span> 
     </span>
     <span class='ocr_line' id='line_1_32' title="bbox 319 3233 1204 3311; baseline -0.002 -18"><span class='ocrx_word' id='word_1_264' title='bbox 319 3260 348 3311; x_wconf 89' lang='lat' dir='ltr'>p.</span> <span class='ocrx_word' id='word_1_265' title='bbox 361 3239 422 3296; x_wconf 87' lang='grc'><strong>119.</strong></span> <span class='ocrx_word' id='word_1_266' title='bbox 436 3237 537 3292; x_wconf 80' lang='lat' dir='ltr'>et128.</span> <span class='ocrx_word' id='word_1_267' title='bbox 553 3238 605 3306; x_wconf 92' lang='lat' dir='ltr'>qui</span> <span class='ocrx_word' id='word_1_268' title='bbox 617 3233 826 3288; x_wconf 76' lang='lat' dir='ltr'>Monasterium</span> <span class='ocrx_word' id='word_1_269' title='bbox 842 3233 1036 3288; x_wconf 75' lang='lat' dir='ltr'>foeminarum</span> <span class='ocrx_word' id='word_1_270' title='bbox 1049 3234 1138 3291; x_wconf 84' lang='lat' dir='ltr'>fuisse</span> <span class='ocrx_word' id='word_1_271' title='bbox 1155 3239 1204 3290; x_wconf 86' lang='lat' dir='ltr'>ait.</span> 
     </span>
    </p>

    <p class='ocr_par' dir='ltr' id='par_1_15' title="bbox 287 3317 1271 3394">
     <span class='ocr_line' id='line_1_33' title="bbox 287 3317 1271 3394; baseline -0.002 -16"><span class='ocrx_word' id='word_1_272' title='bbox 287 3325 442 3394; x_wconf 80' lang='lat' dir='ltr'>Propter</span> <span class='ocrx_word' id='word_1_273' title='bbox 459 3319 786 3391; x_wconf 83' lang='lat' dir='ltr'>copiampiscium]</span> <span class='ocrx_word' id='word_1_274' title='bbox 824 3317 1016 3392; x_wconf 81' lang='lat' dir='ltr'>Buabequius:</span> <span class='ocrx_word' id='word_1_275' title='bbox 1041 3322 1174 3374; x_wconf 78' lang='lat' dir='ltr'>Emadia</span> <span class='ocrx_word' id='word_1_276' title='bbox 1197 3323 1271 3376; x_wconf 68' lang='lat'><strong><em>(21².</em></strong></span> 
     </span>
    </p>

    <p class='ocr_par' dir='ltr' id='par_1_16' title="bbox 302 3403 1270 3478">
     <span class='ocr_line' id='line_1_34' title="bbox 302 3403 1270 3478; baseline -0.006 -14"><span class='ocrx_word' id='word_1_277' title='bbox 302 3403 534 3464; x_wconf 62' lang='lat' dir='ltr'>&#39;iucundissimus</span> <span class='ocrx_word' id='word_1_278' title='bbox 556 3415 599 3458; x_wconf 84' lang='lat' dir='ltr'>ast</span> <span class='ocrx_word' id='word_1_279' title='bbox 620 3407 650 3457; x_wconf 84' lang='lat' dir='ltr'>in</span> <span class='ocrx_word' id='word_1_280' title='bbox 670 3423 762 3471; x_wconf 84' lang='lat' dir='ltr'>mars,</span> <span class='ocrx_word' id='word_1_281' title='bbox 787 3405 977 3478; x_wconf 78' lang='lat' dir='ltr'>albanismqus</span> <span class='ocrx_word' id='word_1_282' title='bbox 997 3409 1140 3478; x_wconf 79' lang='lat' dir='ltr'>perpetuis</span> <span class='ocrx_word' id='word_1_283' title='bbox 1163 3407 1270 3460; x_wconf 74' lang='lat' dir='ltr'>trivibua</span> 
     </span>
    </p>
   </div>
   <div class='ocr_carea' id='block_1_3' title="bbox 304 3483 1272 3996">
    <p class='ocr_par' dir='ltr' id='par_1_17' title="bbox 304 3483 1272 3996">
     <span class='ocr_line' id='line_1_35' title="bbox 325 3483 1270 3568; baseline -0.007 -17"><span class='ocrx_word' id='word_1_284' title='bbox 325 3499 467 3568; x_wconf 82' lang='lat' dir='ltr'>Olympum</span> <span class='ocrx_word' id='word_1_285' title='bbox 486 3483 573 3547; x_wconf 78' lang='lat' dir='ltr'>Asina</span> <span class='ocrx_word' id='word_1_286' title='bbox 585 3501 758 3563; x_wconf 79' lang='lat' dir='ltr'>prospectus.</span> <span class='ocrx_word' id='word_1_287' title='bbox 801 3495 884 3545; x_wconf 80' lang='lat' dir='ltr'>Mars</span> <span class='ocrx_word' id='word_1_288' title='bbox 898 3492 1027 3562; x_wconf 78' lang='lat' dir='ltr'>piscibus</span> <span class='ocrx_word' id='word_1_289' title='bbox 1045 3492 1121 3544; x_wconf 85' lang='lat' dir='ltr'>omni</span> <span class='ocrx_word' id='word_1_290' title='bbox 1137 3511 1173 3546; x_wconf 82' lang='lat' dir='ltr'>ex</span> <span class='ocrx_word' id='word_1_291' title='bbox 1187 3503 1270 3564; x_wconf 81' lang='lat' dir='ltr'>parts</span> 
     </span>
     <span class='ocr_line' id='line_1_36' title="bbox 304 3575 1271 3656; baseline -0.009 -17"><span class='ocrx_word' id='word_1_292' title='bbox 304 3575 527 3656; x_wconf 78' lang='lat' dir='ltr'>¹refertissimum</span> <span class='ocrx_word' id='word_1_293' title='bbox 535 3619 544 3646; x_wconf 90' lang='lat'>,</span> <span class='ocrx_word' id='word_1_294' title='bbox 564 3579 642 3632; x_wconf 81' lang='lat' dir='ltr'>modo</span> <span class='ocrx_word' id='word_1_295' title='bbox 656 3579 861 3632; x_wconf 71' lang='lat' dir='ltr'>(inmittentibus</span> <span class='ocrx_word' id='word_1_296' title='bbox 874 3594 904 3629; x_wconf 81' lang='lat' dir='ltr'>se</span> <span class='ocrx_word' id='word_1_297' title='bbox 918 3596 952 3632; x_wconf 74' lang='lat' dir='ltr'>sn</span> <span class='ocrx_word' id='word_1_298' title='bbox 967 3579 1112 3632; x_wconf 78' lang='lat' dir='ltr'>Maeotida</span> <span class='ocrx_word' id='word_1_299' title='bbox 1130 3581 1271 3650; x_wconf 76' lang='lat' dir='ltr'>Pontoque</span> 
     </span>
     <span class='ocr_line' id='line_1_37' title="bbox 314 3664 1271 3744; baseline -0.011 -19"><span class='ocrx_word' id='word_1_300' title='bbox 314 3690 366 3744; x_wconf 80' lang='lat' dir='ltr'>per</span> <span class='ocrx_word' id='word_1_301' title='bbox 383 3669 552 3739; x_wconf 72' lang='lat' dir='ltr'>Bosphorum</span> <span class='ocrx_word' id='word_1_302' title='bbox 574 3677 602 3718; x_wconf 79' lang='lat' dir='ltr'>et</span> <span class='ocrx_word' id='word_1_303' title='bbox 622 3664 819 3735; x_wconf 78' lang='lat' dir='ltr'>Propontidem</span> <span class='ocrx_word' id='word_1_304' title='bbox 839 3665 872 3716; x_wconf 82' lang='lat' dir='ltr'>in</span> <span class='ocrx_word' id='word_1_305' title='bbox 889 3681 965 3718; x_wconf 81' lang='lat' dir='ltr'>mars</span> <span class='ocrx_word' id='word_1_306' title='bbox 986 3665 1110 3738; x_wconf 77' lang='lat' dir='ltr'>Aegeum</span> <span class='ocrx_word' id='word_1_307' title='bbox 1137 3665 1271 3718; x_wconf 72' lang='lat' dir='ltr'>Meditar-</span> 
     </span>
     <span class='ocr_line' id='line_1_38' title="bbox 304 3747 1269 3829; baseline -0.012 -17"><span class='ocrx_word' id='word_1_308' title='bbox 304 3747 500 3829; x_wconf 71' lang='lat' dir='ltr'>¹rusticumque,</span> <span class='ocrx_word' id='word_1_309' title='bbox 520 3755 598 3806; x_wconf 82' lang='lat' dir='ltr'>modo</span> <span class='ocrx_word' id='word_1_310' title='bbox 613 3769 647 3804; x_wconf 75' lang='lat' dir='ltr'>ex</span> <span class='ocrx_word' id='word_1_311' title='bbox 660 3753 709 3804; x_wconf 81' lang='lat' dir='ltr'>ilio</span> <span class='ocrx_word' id='word_1_312' title='bbox 725 3750 905 3804; x_wconf 76' lang='lat' dir='ltr'>subeuntibus</span> <span class='ocrx_word' id='word_1_313' title='bbox 923 3751 955 3802; x_wconf 79' lang='lat' dir='ltr'>in</span> <span class='ocrx_word' id='word_1_314' title='bbox 972 3750 1059 3821; x_wconf 58' lang='lat' dir='ltr'>mium</span> <span class='ocrx_word' id='word_1_315' title='bbox 1071 3753 1207 3816; x_wconf 78' lang='lat' dir='ltr'>Pontum,</span> <span class='ocrx_word' id='word_1_316' title='bbox 1229 3749 1269 3800; x_wconf 82' lang='lat' dir='ltr'>si-</span> 
     </span>
     <span class='ocr_line' id='line_1_39' title="bbox 305 3835 1272 3912; baseline -0.014 -13"><span class='ocrx_word' id='word_1_317' title='bbox 305 3835 380 3898; x_wconf 61' lang='grc' dir='ltr'>ὀιαὶ</span> <span class='ocrx_word' id='word_1_318' title='bbox 397 3841 571 3912; x_wconf 80' lang='lat' dir='ltr'>naturassrt</span> <span class='ocrx_word' id='word_1_319' title='bbox 584 3839 721 3909; x_wconf 83' lang='lat' dir='ltr'>piscium,</span> <span class='ocrx_word' id='word_1_320' title='bbox 741 3837 832 3890; x_wconf 78' lang='lat' dir='ltr'>tantia</span> <span class='ocrx_word' id='word_1_321' title='bbox 846 3835 1023 3910; x_wconf 74' lang='lat' dir='ltr'>agminibus,</span> <span class='ocrx_word' id='word_1_322' title='bbox 1041 3847 1153 3910; x_wconf 72' lang='lat' dir='ltr'>ternpus</span> <span class='ocrx_word' id='word_1_323' title='bbox 1166 3835 1272 3898; x_wconf 62' lang='lat' dir='ltr'>densis}</span> 
     </span>
     <span class='ocr_line' id='line_1_40' title="bbox 305 3913 1269 3996; baseline -0.013 -10"><span class='ocrx_word' id='word_1_324' title='bbox 305 3913 352 3986; x_wconf 34' lang='lat' dir='ltr'>&#39;ut</span> <span class='ocrx_word' id='word_1_325' title='bbox 363 3931 501 3984; x_wconf 75' lang='lat' dir='ltr'>interdum</span> <span class='ocrx_word' id='word_1_326' title='bbox 514 3917 597 3978; x_wconf 73' lang='lat' dir='ltr'>itiam</span> <span class='ocrx_word' id='word_1_327' title='bbox 616 3925 745 3978; x_wconf 76' lang='lat' dir='ltr'>manibus</span> <span class='ocrx_word' id='word_1_328' title='bbox 763 3925 920 3996; x_wconf 82' lang='lat' dir='ltr'>capiantur·</span> <span class='ocrx_word' id='word_1_329' title='bbox 957 3925 1062 3996; x_wconf 78' lang='lat' dir='ltr'>Itaque</span> <span class='ocrx_word' id='word_1_330' title='bbox 1065 3923 1269 3994; x_wconf 78' lang='lat' dir='ltr'>sraqusntissi-</span> 
     </span>
    </p>
   </div>
   <div class='ocr_carea' id='block_1_4' title="bbox 316 4008 1268 4148">
    <p class='ocr_par' dir='ltr' id='par_1_18' title="bbox 316 4008 1268 4148">
     <span class='ocr_line' id='line_1_41' title="bbox 316 4008 1267 4148; baseline -0.017 -72"><span class='ocrx_word' id='word_1_331' title='bbox 316 4036 364 4076; x_wconf 74' lang='lat' dir='ltr'>ms</span> <span class='ocrx_word' id='word_1_332' title='bbox 376 4027 419 4073; x_wconf 81' lang='lat' dir='ltr'>sat</span> <span class='ocrx_word' id='word_1_333' title='bbox 435 4013 638 4082; x_wconf 80' lang='lat' dir='ltr'>Scombrcrum,</span> <span class='ocrx_word' id='word_1_334' title='bbox 659 4010 855 4084; x_wconf 80' lang='lat' dir='ltr'>Palamydum,</span> <span class='ocrx_word' id='word_1_335' title='bbox 877 4008 1048 4084; x_wconf 72' lang='lat' dir='ltr'>Capitonum,</span> <span class='ocrx_word' id='word_1_336' title='bbox 1072 4009 1267 4148; x_wconf 47' lang='lat' dir='ltr'>synodontpn,</span> 
     </span>
     <span class='ocr_line' id='line_1_42' title="bbox 1241 4111 1268 4146; baseline 0 -8"><span class='ocrx_word' id='word_1_337' title='bbox 1241 4111 1268 4146; x_wconf 69' lang='grc' dir='ltr'>ι.</span> 
     </span>
    </p>
   </div>
   <div class='ocr_carea' id='block_1_5' title="bbox 0 0 1368 5186">
    <p class='ocr_par' dir='ltr' id='par_1_19' title="bbox 0 0 1368 5186">
     <span class='ocr_line' id='line_1_43' title="bbox 0 0 1368 5186; baseline 0 2"><span class='ocrx_word' id='word_1_338' title='bbox 0 0 1368 5186; x_wconf 95' lang='lat' dir='ltr'> </span> 
     </span>
    </p>
   </div>
  </div>
 </body>
</html>
