2764 5182
131 615 275 715 statura,
299 635 390 724 qao'd
412 631 461 703 est
485 634 610 718 facile,
628 639 686 708 aed
707 641 884 723 intellexit,
912 639 951 714 ut'
971 650 1126 734 cognitae

130 727 283 802 defectus
305 743 407 804 animi
433 737 711 820 reformaremus,
739 753 771 808 el
794 747 885 832 quod
907 746 1034 811 actibus
1056 764 1121 810 uo-

131 845 210 901 stris
234 852 366 904 nosmet
390 846 480 926 ipsos
508 845 704 923 metiamttr3
738 867 800 907 neo
825 851 943 912 inertia
974 853 1121 912 dinamus

130 945 306 1028 corrumpi
326 940 532 1006 nobilitatem
555 954 721 1021 nostram,
751 957 808 1009 aut
830 953 988 1033 opinione
1009 959 1121 1012 tume-

130 1039 227 1118 facti,
249 1042 384 1105 audac-ia
399 1043 538 1106 tidieula
553 1062 829 1132 cot-rumpamus.¹
862 1049 1045 1114 Belisariua
1060 1050 1120 1113 de-

107 1174 111 1182 ·
130 1148 252 1230 nique,
279 1160 386 1229 nepos
401 1143 574 1207 lastiniani
586 1143 749 1230 Augusti,
772 1149 876 1214 elaeae
898 1170 960 1215 eun
978 1148 1045 1213 ln'tc
1061 1171 1120 1220 va-

128 1247 183 1307 nit
204 1253 236 1306 et
256 1265 332 1308 enm
352 1267 371 1308 a
391 1243 548 1331 procellis
571 1254 745 1333 reparavit.
790 1249 874 1328 Qui,
896 1249 1120 1330 audiena-lta-

128 1341 213 1409 liam
239 1367 259 1410 a
285 1343 405 1410 Gothis
437 1351 557 1410 iniuste
588 1337 810 1434 subiugatum,
847 1357 968 1438 pietate
990 1361 1119 1426 motus,

129 1447 237 1512 classe
260 1467 318 1512 sua
344 1453 381 1511 in
398 1443 554 1512 Afiicam
579 1449 709 1514 devenit
735 1461 767 1514 et
789 1451 920 1516 Gothos
947 1453 988 1516 ab·
1014 1465 1118 1539 eaque

105 1547 310 1614 Trinacria
345 1547 481 1635 expulit.
542 1548 692 1626 Deinde,
727 1562 887 1638 pervento
917 1551 1116 1640 Neapolim,

128 1655 209 1739 quia
231 1647 412 1737 patefactae
431 1661 547 1737 portae
573 1671 644 1716 non
664 1649 818 1729 fuerunt,
848 1674 912 1739 per
932 1675 1060 1718 annum
1078 1660 1116 1720 in

128 1751 306 1817 obsidione
327 1757 422 1816 stetit.
466 1751 543 1830 Qua
564 1761 674 1839 capta,
697 1758 803 1830 viros,
827 1753 985 1818 mulieres
1010 1766 1042 1819 et
1062 1761 1117 1820 in·

127 1851 347 1931 htntttlos,·et
360 1875 444 1940 quoe
460 1857 496 1916 in
514 1873 551 1917 ea
565 1859 705 1940 reperit,
728 1859 797 1939 igni
811 1852 970 1942 ferroque
984 1855 1116 1939 defiuil3

127 1955 267 2034 deiude,
289 1977 404 2020 versus
424 1960 559 2018 veniens
580 1951 741 2032 Romam,
766 1954 870 2020 Gothi
891 1955 1006 2042 fugam
1029 1965 1117 2022 mi-

124 2077 243 2148 puere.
276 2091 317 2107 -
362 2056 487 2122 Contra
513 2076 593 2120 vero
617 2053 763 2123 Ithacam
785 2057 914 2122 Samus
937 2069 987 2122 est
1013 2070 1045 2124 at
1072 2060 1115 2126 ad

124 2159 304 2225 mendiem
326 2169 444 2247 pottus
459 2159 523 2224 Sci.
538 2155 676 2223 Isidori
694 2156 935 2226 manifestatur.

236 2309 433 2401 Virgilius:

170 2437 271 2510 '„1am
288 2437 391 2498 medio
402 2449 534 2518 apparet
543 2440 651 2515 fluctu
665 2443 827 2500 nemorosa
843 2440 1018 2522 Iaeyutltue

171 2539 421 2619 Dulichiumque
440 2539 552 2600 Samot
566 2550 597 2597 et
611 2537 741 2600 Neritos
755 2540 860 2600 arduo
874 2544 1001 2607 aauitff
1084 2612 1089 2628 ¹

515 2709 727 2730 μ-ι--ι-ιι

599 2901 669 2970 a

127 3044 365 3149 Ostendimus
381 3079 421 3142 de
437 3075 651 3167 cephalonia.
695 3078 798 3144 Nune
811 3077 852 3146 de
867 3077 1046 3165 laeyatho
1060 3035 1113 3144 di

124 3211 252 3256 cemus.
300 3187 376 3252 Fuit
396 3211 475 3274 ergo
498 3187 663 3252 lacinthus
688 3184 741 3251 vel
769 3209 787 3251 a
811 3186 955 3273 quodam
974 3186 1112 3253 domitto

123 3293 178 3359 vel
201 3315 220 3356 a
245 3289 329 3354 flore
352 3289 474 3367 dictus,
504 3296 581 3379 quia
601 3288 721 3353 florida
747 3299 779 3352 et
801 3309 941 3354 amoena
961 3286 1112 3371 habetur.

124 3393 171 3460 Et
192 3402 306 3460 contra
328 3389 580 3456 Cotinthiacum
608 3395 720 3458 sinum
747 3395 808 3454 sita
830 3399 895 3469 θεῖς
925 3411 967 3452 ex
989 3411 1054 3476 qua
1075 3396 1112 3476 in

124 3493 325 3582 Hispaniam
354 3497 452 3556 ivisse
479 3492 600 3557 dicitur
628 3497 685 3579 qui
709 3490 910 3577 Saguntum,
948 3491 1112 3576 oppidum

122 3595 249 3673 nobile,
268 3589 501 3659 Romanorum
516 3599 755 3658 amicissimum
770 3589 999 3667 condiderunt,
1020 3593 1111 3678 quod

124 3696 167 3762 ab
189 3695 377 3760 Hannibale
399 3706 626 3782 expugnatum
647 3693 858 3779 deletumque
885 3689 960 3755 fuit.
1015 3690 1110 3758 Haeo

124 3803 224 3862 etiam
240 3797 469 3863 Hierusalem
491 3794 573 3860 olim
594 3800 764 3859 nominata
786 3803 843 3857 est.
888 3791 1002 3870 Quae,
1030 3816 1109 3862 cum

122 3897 291 3964 Robettus
313 3898 513 3976 l'iscardus,
539 3895 684 3986 Apuliae
705 3895 790 3973 dux,
812 3893 1038 3982 ·seputchn1m
1057 3901 1109 3959 vi-

122 4005 224 4066 sitare
243 4001 441 4088 dispositus,
462 4006 543 4066 etin
559 4002 684 4064 somnia
705 3997 888 4064 revelatum
907 4006 973 4076 est,
997 4001 1108 4085 ipsum
