2742 5182
990 453 1064 545 ¹⁰9

88 655 204 730 scitur3
227 651 287 714 iris
309 655 341 713 et
357 645 524 736 nympha,
547 649 625 735 qula
638 650 673 712 ln
690 649 765 712 a‘e'ra
784 649 945 736 gignitur,
967 656 1000 711 et
1013 643 1070 710 su·

87 757 133 816 mi
146 749 187 812 ‹la
208 755 295 814 maii
315 749 527 812 ascendentes
546 769 622 812 cum
646 750 721 812 aira
741 769 776 810 sa
796 755 953 829 misenum
977 759 1008 811 et
1022 754 1070 812 sio

87 852 265 936 Neptunus
281 854 426 912 nutritor
438 849 618 935 Iovis'quia
636 847 699 910 sibi
722 848 916 914 alimentum
937 847 1072 935 aliquod

88 951 322 1014 subministrat
359 981 394 998 ·-
441 947 495 1010 De
508 945 583 1009 lanc
607 952 706 1010 etiam
733 949 843 1012 insula
865 947 1071 1034 Pythagoras

86 1062 180 1115 natus
198 1061 246 1112 est
263 1045 492 1134 philosophus,
513 1052 570 1136 qui
582 1047 805 1133 Babyloniam
823 1049 863 1110 ad
880 1049 1071 1133 pendiscsu⁴

87 1153 166 1215 dum
184 1151 334 1214 siderum
350 1159 461 1216 motus
477 1152 707 1232 aiiginemqua
726 1149 843 1212 mundi
859 1150 1071 1234 spectandam

86 1249 256 1339 profectus
271 1261 321 1314 ast
341 1259 373 1312 et
390 1269 522 1314 summa
539 1251 673 1310 scientia
686 1260 882 1311 consecutus
897 1261 954 1313 est.
999 1250 1072 1314 Po·

86 1355 261 1437 lycrates,
283 1362 319 1415 ut
343 1355 387 1413 ait
415 1350 601 1432 Valerius,
624 1353 832 1412 saevissimus
853 1360 1015 1436 tyrannus
1034 1355 1072 1415 in

86 1452 145 1515 hac
159 1449 224 1514 fuit
236 1450 360 1530 insula,
382 1460 431 1529 at,
453 1449 640 1514 fortunatus
654 1453 689 1512 in
705 1449 861 1514 omnibus
879 1456 948 1512 suis
965 1449 1069 1529 factis,

88 1553 128 1616 ad
146 1573 267 1614 manus
287 1549 435 1614 Orontis
450 1551 604 1616 Psaram
628 1553 740 1629 venit„
756 1555 813 1635 qui
828 1549 952 1612 dictum
966 1550 1073 1637 Poly*

17 1703 19 1708 .
88 1661 208 1715 cratem
228 1657 264 1714 in
286 1660 399 1714 monta
422 1649 634 1716 Medalanse
656 1649 815 1714 altissimo
844 1650 1016 1736 suspendit
1034 1657 1071 1714 iu

87 1752 175 1838 ligno
195 1751 251 1815 vel
269 1773 379 1815 eruca.
420 1750 563 1837 Insuper
584 1749 639 1814 hic
663 1761 734 1813 orta
748 1750 877 1838 Sybilla
894 1751 1071 1837 quaedam,

89 1855 223 1917 nomina
241 1851 398 1927 Phemo,
425 1873 468 1914 ex
489 1851 603 1914 decem
630 1873 713 1927 una,
745 1847 831 1936 quaa
851 1862 965 1935 postea
983 1851 1072 1922 ¹dicta

90 1953 211 2018 Samia
227 1974 247 2014 a
259 1952 344 2016 loco,
378 1951 455 2015 ,Hic
476 1957 574 2015 etiam
594 1951 719 2015 Paulus
734 1950 916 2027 Aemilius,
943 1949 1072 2018 Roma-

88 2076 165 2130 nus,
190 2057 271 2117 vicit
290 2074 404 2137 ragam
421 2053 559 2118 Persim
575 2063 608 2115 et
623 2052 732 2115 filium
745 2051 895 2137 Philippi
908 2052 1070 2116 Macedo·
1091 2083 1093 2088 ·

89 2141 176 2216 nu'm.
221 2151 299 2230 Quo
323 2157 358 2220 ln
386 2154 515 2238 proelio
543 2157 659 2237 viginti
678 2152 825 2216 hostium
844 2153 949 2216 millia
966 2157 1071 2234 intera
1115 2145 1120 2160 ’

90 2264 186 2317 arant.
210 2287 253 2302 —-
296 2252 363 2316 Hic
387 2259 508 2317 atenim
522 2251 629 2316 Turci
642 2252 901 2316 imuuuerabiles
923 2275 942 2315 a
965 2252 998 2316 Τ
993 2276 1072 2316 am.

89 2353 241 2419 burlano
272 2350 376 2439 fugati
405 2363 588 2418 evaserunt.
653 2349 763 2416 Aiunt
790 2351 948 2440 denique,
980 2353 1070 2439 quud
1116 2339 1117 2344 ἵ

90 2458 123 2517 in
141 2454 253 2517 medio
275 2454 403 2518 insulae
424 2454 518 2518 locus
538 2451 714 2516 fructificat
733 2474 932 2538 pomorum,
954 2465 985 2518 et
998 2454 1072 2517 tici-

89 2564 155 2618 tum
177 2564 227 2616 est
249 2551 380 2618 homini
401 2555 575 2618 comedere
599 2575 641 2616 ex
663 2558 729 2634 eis;
759 2555 873 2618 volens
892 2575 972 2618 vero
992 2576 1071 2620 cum

88 2652 249 2718 fructibus
267 2654 416 2718 eiusdem
434 2653 501 2718 loci
519 2654 561 2718 ad
583 2659 690 2718 socios
714 2675 880 2731 remense,
901 2677 921 2718 a
938 2659 991 2718 via
1011 2655 1071 2718 da⁴

88 2755 219 2835 meabit3
251 2760 278 2817 si
301 2753 385 2818 nihil
410 2754 570 2837 portabit,
598 2753 703 2818 libera
733 2761 785 2818 via
813 2753 974 2840 patefacta
996 2762 1070 2826 erit.
1159 2776 1165 2786 ¹

88 2853 186 2940 Igitur
197 2877 262 2942 per
277 2854 424 2919 insulam
439 2854 591 2919 altissimi
605 2865 736 2918 montes
752 2865 785 2919 et
800 2855 934 2918 arbores
950 2875 1071 2940 pomos

88 2956 347 3033 mundentur,
370 2979 517 3042 quormn
536 2979 625 3020 unus
641 2954 759 3028 Acte,
782 2955 863 3020 alter
877 2955 1071 3022 Medalen·

90 3059 155 3129 sis,
176 3069 208 3122 et
221 3057 263 3123 ad
282 3057 459 3122 occiduum
474 3058 529 3122 alii
542 3057 675 3144 altiores
690 3066 860 3144 apparent.
966 3107 969 3120 .

473 3235 682 3254 *fi

551 3399 615 3475 55.

91 3537 167 3642 Ad
194 3577 371 3642 occiduum
392 3599 500 3666 propa
525 3598 628 3665 supra
651 3575 772 3647 dictam
791 3579 937 3646 insulam
957 3581 1070 3648 deser-

92 3686 139 3740 tae
158 3679 286 3758 insulas
300 3679 414 3746 Furni
431 3679 603 3758 dicuntur,
626 3701 710 3766 quaa
726 3699 893 3766 nusquam
908 3679 1069 3747 habitatae

92 3773 196 3858 fuera,
226 3790 258 3843 et
279 3780 389 3842 midae
416 3784 534 3858 nimis,
568 3780 980 3866 n'parum'immeabilium
1002 3787 1069 3846 cir·-

92 3879 267 3947 cumdatae.
309 3879 348 3943 ln
366 3879 487 3966 quibus
507 3901 604 3968 saepe
618 3901 908 3972 navssracursum
923 3887 1068 3966 capituit,

90 3983 135 4054 et,
155 3987 241 4045 tutas
262 4003 281 4045 a
301 3985 422 4066 ventis,
452 3985 525 4047 sins
542 3979 718 4068 rafiigerio
739 4003 902 4070 aquarum
918 3983 1069 4058 dulcium
