2764 5182
322 431 374 502 20

321 649 418 702 mox
433 623 578 702 deinde
598 647 689 698 cum
715 645 765 697 ex
791 622 968 696 restituta
986 621 1120 721 quiete
1139 591 1309 698 aninumr

321 775 551 853 recreasset,
581 759 885 859 descriptionem
900 753 1059 830 Insulae
1075 754 1217 832 fusiori
1232 783 1309 832 ser·

321 923 443 973 mone
473 920 674 987 exarasse,
711 919 829 995 quam
857 897 985 967 amico
1012 917 1109 984 suo,
1145 897 1212 967 cui
1238 920 1309 967 no·

321 1057 415 1106 men
438 1033 647 1124 Nicolaus‚
684 1034 911 1130 inscriptam
940 1027 1113 1103 voluit.“
1150 1073 1201 1091 -
1250 1033 1309 1101 Li·

321 1166 434 1242 brum
459 1171 588 1269 ipsum
605 1163 785 1240 Cornelii
804 1167 961 1238 Cretam
977 1163 1138 1237 Sacram
1154 1166 1307 1241 Parisiis

320 1304 449 1378 redux
465 1323 616 1377 tanturn
635 1302 815 1377 conferre
836 1303 971 1402 potui,
999 1325 1120 1399 quum
1146 1321 1308 1375 annota-

319 1443 450 1514 tiones
475 1463 589 1513 meae
617 1440 660 1512 in
680 1440 776 1539 Cap.
801 1465 858 1510 ιι.
881 1433 990 1509 Libri
1014 1435 1063 1509 de
1086 1436 1226 1511 Insulis
1241 1442 1309 1509 Ar·

323 1573 524 1675 chipelagi
560 1577 639 1649 iarn
671 1576 722 1648 ad
755 1576 1053 1674 impressionem
1086 1591 1216 1648 essent
1243 1573 1309 1648 de·

320 1714 509 1811 scriptae.

752 1877 784 1980 s.
818 1888 878 1957 16.

537 2049 567 2101 b.
607 2049 691 2100 Liber
722 2046 881 2100 rasurarum
901 2045 1094 2118 Archiprlogi.

398 2161 591 2261 Absolute
612 2188 681 2262 illa
701 2190 985 2288 Descriptione
1004 2187 1168 2278 Cretae,
1197 2205 1242 2259 ut
1260 2211 1308 2261 ex
1370 2231 1371 2262 r

321 2322 439 2397 initio
461 2322 630 2422 Capri.
651 2323 765 2398 huius
782 2321 872 2395 libri
889 2321 1017 2414 vides,
1045 2321 1309 2398 Bondelmon-

317 2460 396 2531 tius
420 2455 586 2550 librum,
614 2485 732 2560 quem
747 2485 854 2533 nunc
870 2462 912 2529 in
928 2457 1060 2531 lucem
1074 2475 1203 2530 totum
1216 2483 1309 2559 pro·
1371 2555 1372 2562 ἶ

318 2592 452 2686 traho,
481 2599 718 2696 conscripsit
731 2592 952 2667 insularum
968 2592 1231 2694 Archipelagi‚
1258 2593 1307 2670 de

318 2753 401 2832 quo
425 2730 543 2831 plura
558 2757 666 2805 nunc
684 2731 818 2804 dicere
836 2753 920 2802 non
938 2703 1194 2830 supersedeo.
1230 2733 1309 2806 Ad·

320 2863 411 2938 dam
438 2864 520 2942 hoc
544 2865 766 2966 prioribus:
803 2883 898 2940 octo
926 2864 1015 2940 illos
1047 2891 1173 2940 annos
1207 2893 1306 2968 quos

313 2997 447 3073 Rhodi
468 3002 594 3099 degit,
625 2999 835 3106 dequibus
855 3026 975 3102 supra
992 3001 1090 3093 dixi,
1119 3024 1203 3074 non
1220 3028 1309 3078 erse

319 3133 580 3233 accipiendos
609 3134 660 3208 de
686 3139 1002 3210 commoratione
1028 3136 1087 3210 ibi
1117 3135 1308 3238 deinceps

315 3291 484 3368 unoque
510 3288 650 3344 tenore
678 3269 804 3359 facta3
843 3269 1028 3367 Rhodus,
1059 3290 1105 3344 ut
1131 3271 1310 3366 videtur,

313 3406 451 3504 potius
469 3405 582 3480 locus
605 3425 708 3500 erat,
737 3412 917 3507 inquom
939 3433 962 3481 e
983 3407 1146 3508 singulis
1159 3412 1310 3484 itineri·

317 3534 393 3613 bus
410 3565 566 3642 semper
581 3540 737 3616 redibat
747 3571 759 3642 3
786 3569 822 3618 v.
839 3561 976 3616 notam
992 3546 1034 3616 in
1052 3546 1223 3645 Cap.55.
1246 3581 1310 3603 -

317 3674 473 3776 Scopas
488 3682 650 3753 itineris
667 3696 751 3756 erat
767 3681 914 3768 verius5
934 3697 1091 3754 strenua
1107 3678 1214 3755 iacta
1226 3679 1309 3756 his·

316 3810 421 3883 torid
462 3812 580 3914 digna
621 3816 854 3916 praesertim
901 3840 1132 3891 enumerare
1177 3816 1307 3892 voluit

315 3939 432 4047 (Cap.
445 3975 481 4048 9.
500 3953 576 4044 in.)
604 3970 643 4027 et
667 3967 873 4053 praeterea
893 3949 1192 4054 Geographice,
1218 3955 1307 4048 My·
