2742 5182
775 627 816 710 9»

300 753 539 890 Supsrlluum
552 802 638 868 mihi
652 802 783 871 videtur
801 822 957 874 enarrare
971 815 1053 894 quot
1074 810 1146 874 istis
1160 811 1289 896 inpar*

303 905 393 972 tibus
408 915 568 993 apparent
583 904 732 992 scopuli,
754 909 831 990 quia
848 913 1023 972 strenuum
1043 908 1177 974 nullum
1195 914 1289 976 inve-

302 1010 416 1074 nimus
441 1010 479 1073 in
498 1011 545 1069 eis
570 1011 744 1071 nominare
764 1003 903 1070 factum.
950 1006 1030 1074 Ideo
1052 1007 1091 1074 de
1112 1015 1159 1074 eis
1181 1021 1289 1078 taces.

301 1130 396 1187 mus,
416 1117 451 1172 et
471 1107 515 1172 od
535 1108 735 1174 chitariam
756 1106 809 1172 vel
830 1110 1045 1194 &choream
1064 1111 1213 1178 insulam
1234 1137 1289 1179 sc.

301 1209 476 1286 cedamus,
507 1231 592 1297 quue
611 1212 709 1276 ’0ιίνί
727 1206 829 1274 hodie
855 1213 1067 1290 nominatur,
1092 1212 1153 1280 ubi
1179 1220 1290 1302 prima
1366 1219 1367 1244 ³

302 1311 492 1378 insulanus
518 1310 738 1398 Archipelagi
773 1311 815 1375 ad
849 1310 1029 1377 occiduum
1066 1327 1288 1402 computatur.

302 1413 399 1492 Quas
412 1418 508 1501 quusi
526 1435 590 1502 per
607 1424 718 1478 totum
737 1417 775 1476 in
791 1409 962 1476 montibus
980 1417 1139 1500 insurgit,
1161 1422 1198 1480 in
1213 1424 1290 1506 qui.

299 1513 367 1582 lrus
397 1515 561 1603 oppidum
593 1515 744 1580 Ciceron
770 1525 884 1604 aperte
909 1513 1056 1594 videtur,
1087 1515 1148 1581 ubi
1168 1517 1287 1586 Venus

299 1616 485 1683 honorifice
507 1615 670 1682 celebrata
683 1628 755 1693 cst,
783 1639 827 1682 ex
848 1637 916 1703 quo
939 1625 972 1678 et
985 1615 1104 1682 Venus
1127 1627 1160 1682 et
1179 1621 1290 1688 insula

299 1740 427 1786 nomon
440 1701 592 1805 sumpsit
632 1717 853 1803 Sculpebatur
867 1721 989 1782 etenim
1002 1718 1115 1805 puella
1127 1719 1288 1808 pulcher-

299 1827 401 1904 rimo,
422 1819 514 1884 nuda
531 1829 564 1884 et
580 1825 617 1884 in
629 1825 717 1886 mari
736 1830 872 1898 natans,
893 1828 1010 1882 tenens
1032 1819 1196 1886 concham
1214 1845 1288 1888 ma-

299 1928 410 1988 rinam
424 1926 462 1985 in
478 1921 609 1998 dextra,
629 1930 744 1986 ornata
759 1927 845 1986 rosis
861 1931 894 1986 et
912 1942 933 1984 a
954 1919 1119 1986 columbis
1139 1930 1287 1992 circum·

299 2022 488 2089 volantibus
505 2027 677 2104 comitata3
697 2021 863 2101 Vulcano,
877 2023 940 2088 deo
954 2026 1052 2108 ignis,
1071 2029 1199 2090 rustico
1212 2036 1287 2090 tur-

298 2130 456 2214 pissimo,
484 2128 521 2188 in
542 2128 737 2210 coniugium
763 2136 941 2213 assumpta.
996 2123 1089 2192 Ante
1117 2149 1192 2194 eam
1216 2137 1285 2192 tres

299 2227 429 2291 stabant
438 2224 548 2290 nudae
561 2224 767 2302 iuvenculae,
790 2248 874 2312 quoe
888 2237 955 2290 tres
970 2225 1105 2295 Gratiae
1119 2227 1289 2296 vocaban-

298 2339 363 2393 tur.
407 2327 562 2407 Quarum
582 2326 666 2391 duae
687 2325 787 2398 facies
814 2328 857 2393 ad
878 2351 952 2396 eam
978 2351 1157 2399 conversae
1175 2343 1287 2414 erant,

297 2451 367 2496 una
384 2450 465 2494 vero
482 2433 749 2497 ,in-contrarium
768 2430 967 2498 vertebatur.
1012 2431 1078 2496 Cui
1097 2438 1196 2498 etiam
1213 2432 1287 2499 Cu-

297 2533 395 2621 pido,
417 2531 506 2596 filius
522 2549 619 2607 suus,
644 2529 747 2595 alatus
767 2543 800 2596 et
814 2555 931 2598 caecus
945 2533 1132 2615 assistebat,
1155 2540 1213 2622 qui
1230 2557 1288 2602 sa-

297 2639 378 2722 gitta
403 2643 437 2696 et
463 2654 543 2702 arcu
570 2628 769 2718 Apollinem
796 2634 982 2722 sagittabat:
1010 2646 1150 2722 propter
1177 2635 1287 2724 quod,

297 2735 373 2804 Diis
386 2733 556 2812 turbatus,
580 2733 622 2798 ad
634 2741 750 2800 matris
767 2741 951 2822 gremium,
973 2757 1060 2823 puer
1073 2737 1211 2802 timidus
1226 2735 1287 2804 fu-

220 2851 222 2856 '
296 2838 415 2928 giebat,
458 2836 523 2902 Iste
545 2831 678 2923 planeta
695 2835 951 2918 est‚foemiuesc
970 2837 1229 2924 complexionis,
1255 2850 1289 2904 et

296 2941 372 3009 ideo
398 2945 436 3004 in
462 2942 571 3024 specie
597 2939 746 3024 puellae,
780 2939 887 3004 calida
911 2950 944 3003 ct
965 2938 1122 3018 humida,
1148 2950 1182 3006 et
1207 2941 1285 3006 ideo

295 3042 469 3118 Vulcano,
489 3044 550 3104 ie.
571 3043 645 3125 igni
664 3039 784 3106 dicitur
801 3043 972 3122 maritatus
1001 3050 1034 3104 et
1055 3045 1094 3106 in
1112 3047 1200 3109 mari
1217 3047 1287 3108 im-

295 3163 416 3220 mersa,
437 3145 515 3228 quia
534 3144 710 3204 corriuncta
724 3139 827 3206 calori
847 3151 880 3205 et
893 3137 1032 3208 humori
1038 3168 1048 3223 ς
1070 3141 1289 3232 Cupidinem,

294 3245 409 3312 Deum
436 3247 577 3318 umoris,
603 3246 790 3328 peperisse,
816 3246 1014 3326 sasernis
1040 3247 1288 3332 concupiscen-

294 3352 391 3424 tiam,
414 3348 491 3432 quiu
506 3341 601 3407 stella
614 3347 678 3408 isin
695 3349 817 3410 excitat
831 3349 1145 3432 concupiscentiam.
1192 3346 1286 3414 Tres

293 3447 443 3538 puellae,
466 3468 492 3516 s.
507 3455 574 3508 tres
589 3443 724 3531 culpae:
748 3448 899 3523 avaritia,
920 3445 963 3509 ad
984 3446 1185 3533 lucrandum
1201 3471 1287 3516 oum

295 3562 372 3618 actu
393 3562 555 3628 venere03
586 3545 787 3624 carnalitas,
806 3545 849 3610 ad
874 3549 1146 3634 coniungendum
1166 3561 1288 3620 actum

295 3651 512 3730 carnalitatis3
537 3646 730 3740 infidelitas,
752 3649 830 3734 quia
849 3659 989 3736 propter
1008 3643 1185 3718 denarium
1204 3637 1289 3718 dili·¹

293 3777 373 3844 gere
391 3751 566 3820 hominem
588 3749 825 3813 demonstrant
858 3745 900 3798 -'-
943 3746 1081 3830 Alutus,
1111 3758 1191 3839 quia
1215 3761 1287 3820 cito

295 3853 444 3924 accendit
459 3862 492 3917 et
509 3857 740 3936 coniungitur3
763 3871 896 3928 coecus,
919 3855 1083 3944 quianon
1103 3867 1200 3920 curat
1220 3849 1287 3922 ubi¹

296 3959 411 4046 diligit.
433 3989 476 4010 ι-
518 3951 622 4040 Igitur
637 3973 680 4016 ex
693 3949 756 4021 hac
770 3951 879 4023 inula
893 3951 1004 4034 Paris,
1027 3949 1152 4018 Priami
1172 3955 1288 4124 filgu'

1245 4080 1287 4130 o.
