2764 5182
300 489 350 563 26

350 684 354 690 ’
377 681 572 769 Omnino,
604 651 650 748 us
672 671 790 744 finem
816 664 977 758 faciam,
1013 656 1279 734 Bondelmou-

298 823 396 896 tium
428 802 651 890 intueamur
686 808 793 883 velut
825 799 948 879 seculi
972 804 1041 874 'sui
1080 797 1277 898 quoddam

301 954 520 1054 exemplar,
547 968 604 1039 et,
630 949 779 1020 omissis
797 961 879 1014 tum
896 939 978 1011 aliis
996 935 1198 1025 omuibus,
1221 951 1280 1006 ta·

298 1119 391 1168 men
420 1083 614 1162 nonnulla
648 1096 882 1182 supererunt
919 1077 1081 1172 cognitu
1115 1069 1277 1144 fortasse

297 1229 409 1304 haud
429 1227 583 1326 penitus
605 1221 779 1317 indigna.
832 1217 934 1286 Rara
960 1229 997 1283 et
1022 1208 1139 1282 exilia
1162 1208 1277 1282 nobis

298 1379 509 1484 supersunt
535 1386 583 1432 ex
605 1355 742 1430 seculo
765 1352 851 1424 XV.
878 1363 1132 1420 monumenta
1158 1363 1276 1418 status

301 1503 493 1576 Graeciae
517 1513 600 1567 tum
624 1491 821 1588 temporis.
872 1465 974 1558 Fieri
996 1499 1127 1582 potest
1149 1497 1192 1552 ut
1211 1478 1279 1553 ali·

299 1664 396 1740 quas
429 1659 451 1707 e
482 1627 774 1704 Bondelmontii
809 1622 937 1695 isthoc
977 1618 1080 1692 libro
1113 1617 1276 1694 lacunas

297 1771 503 1873 supplere,
531 1765 707 1865 explere,
737 1761 925 1832 resarcire
954 1758 1160 1856 possimus.
1213 1755 1277 1826 De

298 1909 440 2011 quibus
472 1904 660 1976 iudicium
689 1902 737 1972 sit
765 1893 871 1995 apud
898 1892 1121 1987 doctiores3
1155 1890 1276 1963 modo

296 2070 347 2118 ne
366 2041 587 2144 grandiosa.
603 2055 641 2109 et
663 2031 819 2132 turgida
840 2029 1045 2102 videantur
1068 2025 1170 2100 haec
1193 2051 1278 2100 ver-

252 2165 253 2178 *
296 2177 369 2272 ba,
394 2177 504 2279 quod
520 2201 616 2275 ego,
643 2167 864 2242 imbecillus
882 2166 1044 2255 iuvenis,
1072 2161 1207 2235 nolim.
1230 2202 1275 2223 -

296 2315 357 2390 Ad
379 2314 555 2390 Oodices
564 2307 675 2394 Libri
694 2325 869 2417 transeO.

725 2569 850 2674 suo

330 2711 332 2716 ι
413 2743 444 2810 6.
488 2741 671 2810 DeLibri
693 2739 900 2805 Insularum
922 2731 1167 2824 Archipelagi

677 2857 790 2928 codd.
818 2855 903 2922 Mss.

368 3055 420 3128 Ut
441 3050 507 3126 hic
532 3071 695 3151 quoque
713 3045 813 3120 ordo
834 3065 873 3120 et
888 3045 1095 3122 methodus
1112 3049 1169 3120 rei
1185 3048 1280 3120 insit

294 3193 463 3292 primum
478 3186 584 3258 Libri
609 3182 780 3256 Codices
805 3185 1092 3282 manuscriptos
1118 3209 1279 3258 enume·

294 3349 424 3398 remus
455 3345 525 3396 eos
556 3309 657 3421 quos
685 3343 772 3388 non
804 3317 989 3410 vidimus,
1030 3321 1172 3394 deinde
1206 3317 1278 3399 e6s

295 3484 397 3563 quos
411 3461 592 3560 propriis
610 3454 736 3528 oculis
760 3453 954 3556 inspicere
971 3455 1046 3531 fuit
1061 3457 1224 3532 licitum.

619 3656 624 3668 ‘
721 3675 755 3778 §.
783 3683 847 3756 21.

369 3873 412 3923 a.
463 3849 508 3918 Iu
531 3847 790 3928 Britannia,'
816 3864 854 3920 et
879 3845 1035 3950 quidem
1062 3849 1104 3920 in
1127 3847 1279 3924 Biblio-

293 3981 413 4059 theca
440 3982 727 4064 Cotroniana,
763 4009 864 4083 quae
887 4011 995 4060 nunc
1020 4012 1110 4061 cum
1131 3989 1275 4061 Museo
1327 4005 1330 4015 “
