2742 5182
1007 486 1081 559 117

20 732 24 740 .
82 684 122 744 in
139 701 179 742 eo
194 675 299 743 fuisse
315 676 631 764 comprehendimus
649 679 767 767 oquae.⁸
784 671 878 748 Hae
892 681 990 746 etiam
1002 679 1078 769 ples

83 803 128 846 nu
144 779 288 846 habetur
308 791 341 843 et
361 779 564 844 circumdata
582 778 767 844 humilibus
785 779 955 847 montibus
967 788 1077 848 mani-2

82 881 208 945 festum
225 890 288 955 ost,
312 884 378 944 nisi
396 900 484 944 unus
501 885 589 944 inter
607 879 689 946 alios
705 879 916 946 sublimatur,
947 879 992 947 ln
1006 905 1074 970 quo

83 988 148 1049 irio
161 980 265 1048 millia
279 981 304 1045 i
305 1001 496 1054 raucorum,
510 990 688 1067 postquam
696 980 818 1046 Veneti
833 983 971 1050 classem
979 982 1076 1050 Tur⁴

85 1103 207 1148 rorum
230 1103 344 1148 coram
357 1078 518 1166 Gallipoli
534 1084 571 1143 in
585 1102 678 1146 mare
699 1094 974 1162 summerserant,
997 1106 1074 1150 sose

81 1188 182 1268 pensi
205 1193 298 1260 sunt,
321 1187 400 1268 qnia
424 1203 466 1244 ex
489 1185 582 1245 omni
603 1190 700 1268 gente
719 1187 756 1246 in
780 1181 930 1249 favorem
950 1185 1073 1250 infide-

79 1283 170 1348 lium
181 1282 227 1347 ibi
244 1293 336 1348 erant
352 1288 389 1345 in
406 1281 511 1347 classe
531 1287 737 1370 congregati,
757 1296 909 1372 tempore
928 1285 1073 1350 Consilii

81 1383 305 1448 Constantine.
347 1383 393 1448 Ei
404 1382 483 1448 hinc
500 1383 578 1446 inde
597 1404 660 1468 per
678 1385 819 1471 planum
834 1395 882 1449 tot
896 1389 1004 1451 vineta
1016 1391 1072 1452 in-

79 1484 172 1548 oulta
187 1494 219 1548 et
233 1485 296 1549 ulia
308 1491 524 1572 reperiuntur
536 1505 655 1570 poma,
677 1509 761 1572 quae
774 1487 874 1552 hodio
891 1494 1072 1552 transeun-

78 1585 171 1650 tibus
186 1584 347 1670 praebent
362 1583 586 1670 refrigerium.
630 1587 690 1664 Et,
715 1593 743 1650 si
762 1609 877 1652 versus
898 1587 1070 1652 nobilissi-

78 1707 174 1753 mam
187 1685 270 1752 olim
286 1690 405 1772 aspicis
416 1687 578 1762 Troiam,
599 1687 704 1752 multa
718 1686 903 1774 fragmenta
924 1694 1069 1776 untiqui-

76 1797 187 1850 tatum
203 1790 307 1872 ipsius
328 1809 405 1852 rere
426 1786 562 1852 videbis.
605 1785 640 1852 A
660 1787 752 1854 luera
770 1790 916 1878 denique
931 1796 968 1854 in
980 1788 1069 1856 Hel-

78 1887 273 1972 lespontum
292 1892 455 1954 intramus
479 1911 571 1952 mare
595 1910 653 1954 ore
678 1899 805 1954 stenuo.
863 1891 903 1954 ln
923 1913 991 1978 quo
1011 1896 1067 1956 in·

78 1992 183 2052 troitu
203 1987 475 2055 Dardanettnm
498 1988 715 2070 offendimus,
738 1991 798 2056 ubi
816 2013 908 2058 nuno
930 2003 962 2060 ei
983 1989 1066 2058 olim

76 2087 255 2154 columnae
273 2089 444 2176 elevantur
463 2089 599 2154 multae.
1057 2127 1059 2134 ·

465 2266 675 2285 Μ

536 2440 599 2510 o1.

73 2575 259 2700 Dignum
279 2610 352 2680 fore
376 2613 535 2692 arbitror,
563 2627 741 2705 postquam
766 2617 940 2706 hucusque
966 2623 1062 2684 veni⁴

73 2739 170 2795 mus,
209 2714 329 2782 urbem
354 2713 681 2804 Constantinopolim
708 2717 935 2784 demonstrare
961 2741 1062 2806 pare-

73 2804 171 2895 mus,
192 2828 231 2882 ut
251 2824 382 2884 animus
403 2817 584 2903 legentium
605 2821 648 2881 sit
663 2817 769 2881 alacer
790 2819 831 2882 ad
850 2841 887 2882 oa
906 2841 991 2907 quae
1007 2821 1061 2885 dt-

74 2927 162 2984 ctun'
183 2941 316 2997 sumus,
339 2929 418 2985 cuin
437 2917 542 2982 multo
558 2917 710 2982 miranda
731 2929 829 2982 erunt
848 2925 1059 3005 inspecturis.

73 3022 138 3087 Est
158 3043 238 3108 ergo
260 3020 315 3085 hic
334 3025 490 3086 introitus
511 3017 553 3083 ad
573 3017 850 3105 Hellespontum
870 3041 977 3107 usque
993 3031 1060 3088 ste-

72 3145 145 3188 nno
166 3145 241 3200 ore,
264 3120 362 3185 hodie
381 3125 535 3185 strictum
559 3120 742 3206 callipoli
762 3111 904 3200 dictum,
929 3133 961 3187 et
975 3121 1059 3190 Asia

73 3223 117 3287 ab
139 3224 277 3310 Europa
301 3222 476 3287 dirimitur.
520 3221 647 3310 In‘q'uo
667 3229 795 3310 primo,
818 3234 996 3312 postquam
1017 3223 1060 3290 ad

73 3326 246 3388 dexterum
277 3328 445 3411 antiquum
474 3323 669 3412 reliquimus
699 3323 855 3402 Troiam,
890 3331 1011 3391 turrim
1038 3350 1059 3392 u

73 3425 184 3500 laeve,
219 3430 313 3490 iunia
340 3444 450 3500 mare,
485 3428 690 3502 invenimus,
723 3446 807 3512 quae
835 3433 1059 3515 propinquior

72 3527 178 3592 Asiae
200 3523 303 3592 fnisse
323 3545 559 3604 numeramus,
587 3521 758 3591 et-dehino
778 3549 885 3616 usque
903 3527 1059 3594 Abidorr

73 3627 239 3715 oppidum
260 3647 363 3714 parva
380 3637 480 3692 restat
499 3632 561 3692 via.
602 3625 695 3712 Ergo
715 3626 770 3692 ille
792 3650 854 3693 rex
876 3627 1057 3723 Persarum

72 3726 209 3793 Xerxes
223 3732 261 3792 in
277 3733 340 3792 isto
357 3725 450 3808 loco,
472 3739 575 3818 ponte
595 3725 657 3792 sub
671 3728 811 3792 naribus
827 3730 995 3806 ordinato,
1014 3731 1057 3794 de

72 3824 159 3893 Asis
175 3834 211 3892 in
224 3829 398 3915 Europum
416 3835 593 3906 transitrun
609 3825 706 3908 fecit;
736 3839 768 3893 et
788 3835 830 3894 ait
845 3827 1058 3898 Demosthe·

75 3951 159 3998 raeess
184 3929 298 3995 decom
315 3935 464 3995 ¹centenis
482 3930 630 3995 millibus
650 3930 794 4003 militum
813 3931 950 4011 elatum,
974 3955 1057 4019 quu-
