2742 5182
1024 425 1081 500 77.

88 629 290 710 simumque
308 617 493 688 obscurum
511 633 615 708 equae
637 609 861 705 descendunt,
885 619 997 710 itique
1020 636 1087 688 eos,

88 725 199 790 lentes
223 727 438 811 quantitatem
456 729 639 790 maisimam
657 725 827 812 sulphuris
840 726 1087 794 mercatoribus.

89 837 302 913 praeparent.
344 825 390 888 Et
403 829 480 911 quia
493 831 530 888 in
549 835 679 892 tantum
696 831 784 911 viget
803 827 1084 894 intensitas'calo·

90 936 160 1008 ris,
183 927 355 992 demedio
376 947 484 1011 usque
504 933 662 991 verticmn
682 928 797 992 nullus
817 937 867 991 est
887 950 988 992 ausus
1008 933 1086 994 sina·

94 1029 301 1104 sotularibus
328 1023 484 1090 accedere
510 1028 638 1113 ligneis.
681 1028 744 1092 Est
763 1033 886 1092 etenim
907 1027 963 1092 hic
991 1039 1084 1096 mnia

94 1129 304 1195 foecunditas
327 1127 471 1207 ficuum,
495 1131 586 1215 quod
609 1135 646 1192 in
667 1151 756 1192 atino
776 1147 877 1192 naves
899 1139 1086 1204 onerantur

93 1253 228 1320 parvae.
270 1227 331 1294 Ad
350 1236 500 1315 trionem·
515 1233 551 1292 in
572 1229 656 1317 pede
675 1233 815 1320 montis,
835 1233 989 1313 contigua
1006 1251 1082 1296 ma*

94 1339 162 1408 ris,
186 1331 345 1418 spelunca
364 1334 528 1407 consistit,
550 1330 592 1394 ad
613 1353 714 1419 quam
731 1336 997 1410 circumstantes,
1017 1331 1081 1398 do-

94 1432 227 1496 loribus
250 1437 418 1518 oppressi,
446 1429 623 1510 acceduni,
645 1442 692 1509 et,
714 1431 772 1493 diu
797 1435 935 1507 morati,
957 1435 993 1496 in
1016 1453 1081 1518 pa-

94 1540 197 1598 triam
221 1534 407 1598 incolumes
429 1521 648 1598 revertunttu.
699 1532 743 1596 Et
763 1538 840 1619 quia
859 1551 1016 1609 concava,
1041 1545 1081 1598 ut

93 1640 338 1719 praesumitur,
358 1627 442 1698 haec
458 1633 567 1710 insula
586 1632 744 1708 hebetur,
766 1653 866 1718 saepe
887 1637 1017 1720 saepius
1033 1625 1083 1702 tot

94 1746 128 1798 et
151 1745 241 1799 tanta
259 1744 460 1816 terraemotu
476 1733 601 1823 ubique
624 1744 779 1818 regnant,
802 1735 893 1822 quod
914 1733 1083 1818 forenses,

96 1834 141 1900 ob
163 1833 228 1898 hoc
252 1841 435 1923 perterriti,
464 1835 593 1914 locum,
624 1840 687 1898 eito
706 1836 956 1914 maledicentes,
984 1838 1086 1918 dere-¹

94 1936 270 2022 linquunt,
291 1948 324 2000 et
336 1936 456 2022 procul
466 1937 623 2020 >accedere
634 1937 787 2021 gaudent.
832 1936 986 2002 Calentes
1000 1961 1087 2020 vero,

94 2037 162 2102 mle
179 2042 388 2102 staminium
400 2057 465 2124 pro
477 2037 582 2104 nihilo
594 2048 766 2126 reputant,
787 2047 820 2102 et
831 2043 868 2104 in
883 2059 922 2104 eo
939 2062 1009 2118 non
1021 2040 1088 2120 ad,

94 2148 226 2206 vertere
245 2150 372 2206 curant.

563 2491 689 2565 18·''

97 2611 169 2722 N
160 2673 226 2717 une
239 2648 281 2718 ad
293 2645 589 2740 Astimpiraleam
603 2651 701 2728 olim,
721 2647 821 2716 hodie
834 2650 1087 2739 Stampaleani

98 2773 216 2818 meum
227 2751 432 2838 praeparabo
449 2773 595 2816 censum.
607 2752 669 2828 Et,
683 2761 721 2816 ut
734 2757 780 2816 ait
787 2753 945 2830 Plinius,
952 2753 1086 2836 Astime

97 2839 235 2942 phalea,
253 2863 367 2924 rectae,
377 2853 430 2918 vel
440 2852 566 2918 liberae
578 2856 735 2930 civitatis,
757 2857 1086 2939 circuitnoctuagiu«,

3 2957 10 2963 '
96 2962 266 3021 tanovem
279 2952 388 3020 millia
397 2973 570 3040 passuum.
612 2950 658 3018 Et
676 2955 815 3040 iusuper
832 2950 1006 3026 Ovidiuss
1081 3018 1086 3036 ,

140 3113 259 3186 „Hine
273 3109 439 3203 Anepsiam
454 3093 517 3169 cibi
529 3112 637 3191 iungit
653 3121 685 3170 et
696 3109 920 3190 Astimpbalea
934 3130 1035 3190 regna
1080 3114 1086 3134 ⁴

101 3215 106 3226 ’
143 3214 319 3278 Promissis
332 3211 499 3290 Anapltein
506 3254 517 3283 ,
538 3234 638 3294 regna
653 3223 683 3270 et
700 3211 900 3291 Stimpltalea
915 3209 1044 3286 bellust„
1082 3223 1086 3234 '

142 3314 354 3394 „Cinctaque
370 3315 507 3394 piscosis
520 3312 745 3396 Astimphalea
761 3310 892 3371 vediffl
1124 3299 1128 3308 ⁵

100 3461 141 3527 ln
155 3460 267 3526 medio
285 3471 397 3526 autem
409 3470 442 3526 et
456 3465 651 3526 iuniissima
666 3469 717 3526 est
732 3469 764 3524 et
783 3464 820 3525 in
835 3464 993 3531 extremis
1012 3475 1088 3527 ami

99 3563 177 3652 pla,
205 3561 388 3647 inquibus
414 3561 563 3650 plurime
591 3560 724 3626 castella
749 3561 893 3626 desolata
919 3561 1087 3640 videnter,

100 3661 162 3730 Ad
175 3667 320 3726 trionem
341 3662 456 3728 Vettii
476 3664 649 3749 oppidum„
675 3658 752 3729 .Ad
771 3660 1010 3746 meridiemque
1027 3683 1087 3735 007

102 3763 243 3826 cidnum
267 3767 386 3828 civius
403 3775 540 3850 appetet
559 3763 773 3850 Scampalea
793 3761 888 3829 dicta.
931 3759 1017 3826 Stmt
1036 3772 1088 3842 et,

100 3867 195 3940 enim
206 3883 269 3947 per
283 3863 430 3928 insulam
443 3868 650 3950 auliqiritet'es
664 3864 854 3950 aliquorum
871 3863 1087 3949 oppidorum,

42 3968 47 3974 '
100 3973 135 4030 et
146 3961 317 4058 hincinde
330 3984 396 4058 per
405 3969 685 4056 circpinmaporti
701 3969 819 4059 optimi
832 3962 1087 4072 concluduntur,
