2764 5182
227 359 358 473 'so

354 622 391 674 v.
417 594 558 670 Graec.
589 609 668 667 ant.
694 592 720 666 l.
746 618 781 668 α.
819 619 853 670 c.
877 617 933 670 ιο.
966 621 1006 698 p.
1026 595 1113 684 363.
1140 641 1192 663 -
1241 603 1286 674 In
1362 573 1363 586 ἵ

356 731 599 808 colbertina
615 753 781 802 numero
798 732 885 828 1333
900 734 1125 831 insignitus,
1149 738 1205 811 ita
1222 761 1286 808 ex·

356 865 501 943 citatur
531 865 638 966 apud
661 865 947 963 Montfaucon
971 867 1019 941 T.
1033 891 1067 939 2.
1092 883 1233 969 p.950.
1248 868 1285 945 b.

352 1007 501 1080 Postea
532 1019 670 1074 notam
699 998 839 1073 habuit
864 1022 921 1080 101
977 1027 987 1090 ;
1023 1027 1131 1077 nunc
1157 1023 1286 1080 autem

350 1163 427 1242 per
446 1131 534 1220 M
557 1135 839 1211 circumfertur.
892 1137 1021 1230 Quem
1043 1139 1144 1238 siglo
1168 1143 1206 1212 B
1229 1145 1287 1215 in-

352 1275 502 1368 dicavi,
533 1290 593 1366 et,
619 1271 671 1346 ob
691 1295 809 1372 supra
834 1291 1069 1348 memoratas
1092 1277 1285 1371 rationes,

350 1412 445 1486 inde
469 1437 492 1483 a
510 1411 607 1510 Cap.
627 1419 676 1495 35
694 1406 765 1480 ubi
788 1408 836 1482 de
862 1407 1037 1485 lectione
1058 1409 1287 1488 dubitabam

352 1546 519 1624 contuli.
569 1545 602 1618 E
626 1544 770 1620 codice
792 1546 846 1636 A,
877 1570 946 1618 seu
966 1544 1051 1626 W
1071 1547 1285 1649 descriptus

348 1682 445 1758 mihi
459 1679 675 1759 videbatur.
701 1719 758 1734 -
807 1679 925 1779 Apud
941 1683 1285 1758 Mazzuchellium

348 1816 424 1895 l.1.
450 1821 603 1891 numeri
633 1815 719 1896 583]
744 1833 784 1889 et
805 1815 889 1895 487'35
915 1799 1144 1916 typothetae
1171 1840 1284 1914 sunt,
1362 1909 1363 1912 Ἴ

348 1959 515 2055 opinor,
551 1975 705 2026 errores
739 1976 813 2051 pro
849 1957 949 2026 veris
972 1965 1072 2040 4824
1099 1974 1139 2042 et
1163 1967 1284 2052 48253
1362 1929 1363 2014 Ῑ

347 2115 440 2163 nam
466 2087 556 2162 illos
581 2113 766 2161 numeros
796 2087 957 2164 codices
992 2089 1056 2164 isti
1081 2117 1285 2192 nunquam

347 2229 443 2326 p‘rae
459 2247 502 2298 se
519 2221 711 2297 ferebant.
749 2227 932 2297 Errorem
948 2248 1042 2324 ergo
1059 2228 1098 2296 in
1118 2252 1285 2326 apogra-

269 2373 283 2386 ”
345 2360 428 2463 pho
454 2383 545 2434 meo
574 2359 684 2460 quod
710 2358 761 2432 ad
780 2360 932 2437 calcem
955 2359 1211 2461 praefutionis
1228 2361 1288 2438 le·

349 2519 439 2598 ges,
468 2498 635 2571 correxi.

418 2663 636 2761 Quomodo
654 2691 762 2739 nunc
786 2659 995 2740 codicibus
1012 2668 1095 2744 istis
1112 2667 1279 2770 aliisque
1361 2745 1362 2756 ,

347 2804 473 2902 copiis
490 2826 583 2876 usus
608 2804 738 2877 simin
755 2805 884 2874 tertia
900 2797 1155 2901 praefationis
1172 2823 1284 2906 parte
1361 2883 1362 2892 ,

347 2958 559 3037 exponam·
