2728 5186
256 403 333 478 286

195 607 211 632 ’»
289 597 355 654 dem
372 597 501 662 cedreni,
521 595 658 652 tradentis
677 613 693 649 s
714 593 761 650 die
779 611 840 666 quc
860 595 1084 666 conflagrarent
1097 595 1246 654 hiAEccle·

289 689 346 755 sis,
367 685 402 738 sd
415 685 629 740 Encaeniorum
639 680 718 738 diem
731 682 875 736 Ecclesiae
890 683 1107 752 lustinisnnese,
1128 686 1244 756 elapsos

288 785 380 826 snnos
394 775 420 827 5.
436 789 548 826 menses
566 771 608 828 11.
628 771 690 823 dies
705 771 748 826 10.
784 769 873 839 Atqui
890 769 1078 839 conflagravit
1094 771 1245 826 M.Eccle·

287 861 330 912 sia
348 853 392 914 ¹15.
404 859 530 912 Ianuarii
549 857 655 910 nens.
670 859 730 914 532.
743 857 800 909 hoc
819 868 876 923 est,
898 856 992 927 primo
1012 857 1164 911 seditionis
1183 859 1240 926 die,

287 961 362 1014 quse
376 947 406 998 in
420 947 557 1015 quintum
572 962 665 1014 usque
684 953 826 1014 protracta
845 953 901 1009 est,
925 959 943 994 e
955 959 1014 1014 quc
1031 943 1066 999 ed
1078 943 1241 998 Dedicstio·

287 1047 372 1099 nem,
397 1045 472 1100 quae
493 1027 565 1084 lscts
589 1042 632 1082 est
649 1031 694 1085 26.
707 1025 889 1092 Decembris,
915 1029 948 1081 A.
964 1027 1072 1082 Christi
1093 1031 1155 1086 537.
1175 1042 1243 1100 post

287 1116 478 1170 Consulatum
489 1115 636 1170 Belissarii
654 1114 828 1181 secundum,
852 1114 955 1166 Indict.
973 1114 1016 1168 15.
1038 1116 1071 1166 Δ.
1086 1116 1241 1168 Iustiniani

287 1203 330 1259 11.
346 1189 490 1256 inte'rsunt
507 1213 551 1256 tot
568 1203 638 1255 anni
659 1212 687 1254 et
704 1216 833 1268 menses,
855 1211 927 1271 quot
941 1219 957 1253 s
970 1200 1101 1256 Cedreno
1121 1219 1239 1275 compu-

286 1300 394 1342 tentur.
426 1289 571 1344 Encaenis
587 1290 665 1341 enim
680 1285 709 1340 S.
722 1285 849 1358 Sophiae
864 1284 922 1340 hoc
939 1283 985 1342 die
1000 1287 1141 1342 celebrata
1152 1289 1238 1344 luisse
1328 1325 1329 1338 .

284 1375 372 1429 tradit
393 1372 574 1426 Marcellinus
599 1373 708 1424 Comes:
733 1369 861 1422 Ecclesia
885 1371 979 1422 Maior
998 1373 1027 1420 0.
1038 1375 1073 1432 Ρ,
1094 1373 1131 1424 ab
1149 1376 1238 1443 Impe-

284 1470 378 1513 ratore
402 1455 758 1528 Iustinianoer'ngularr'ter
775 1457 805 1507 r'rr
820 1455 921 1506 mundo
942 1467 1105 1510 constructe
1123 1459 1238 1510 dedica-

284 1555 332 1598 tur
348 1547 392 1598 die
404 1545 434 1598 6.
447 1545 511 1597 Kal.
529 1544 688 1596 Ianuarias·
721 1543 756 1595 Ar
771 1559 837 1596 cum
849 1559 927 1594 anno
941 1543 1095 1598 Iustiniani
1106 1547 1151 1602 32.
1167 1549 1236 1601 trul-

281 1633 341 1700 lse,
359 1651 412 1686 seu
429 1631 650 1703 hemisphaerii,
670 1647 735 1700 pars
750 1628 934 1682 occidentalis
953 1641 1045 1684 terrae
1068 1645 1148 1685 motu
1162 1633 1235 1686 deci·

283 1717 385 1788 disset,
406 1737 522 1788 unaque
543 1729 572 1770 et
591 1733 698 1770 sacram
719 1731 847 1769 mensam
867 1725 896 1768 et
918 1713 1068 1771 ciborium
1087 1731 1116 1773 et
1130 1719 1235 1772 Ambo·

282 1819 351 1858 nem
369 1807 564 1869 contrivissem
586 1803 779 1869 Iustinianus,
799 1805 836 1856 iis
852 1801 1054 1872 reaedificatis,
1079 1805 1234 1859 Ecclesiam

278 1908 399 1967 rursum
425 1889 549 1944 dedicari
571 1893 656 1943 iussit
681 1889 738 1943 hoc
766 1903 859 1955 anno,
888 1890 934 1940 uti
960 1890 1094 1960 pluribus
1118 1893 1235 1946 madunt
1328 1883 1329 1906 ¹

288 1977 444 2028 ctionem
473 1975 656 2028 Alexandrin.
691 1972 884 2042 Tltseplrums,
919 1975 1069 2040 Cedrerrus,
1095 1979 1234 2031 Herman-

280 2071 336 2114 nus
356 2065 534 2123 contractus,
562 2075 590 2115 et
611 2063 676 2127 alii3
701 2079 718 2114 c
738 2077 796 2138 quo
818 2059 854 2114 ad
873 2077 983 2114 annum
1005 2076 1122 2134 coeptae
1144 2069 1231 2119 totius
1328 2135 1329 2140 Ἰ

282 2150 426 2204 Ecclesiae
457 2147 703 2200 exaediiicntionis
733 2149 879 2200 intersunt
908 2151 979 2201 anni
996 2151 1041 2205 22.
1068 2153 1231 2224 exquibus
1328 2155 1329 2160 ’

281 2237 428 2303 colligitur
443 2231 629 2300 Graecorum,
648 2235 672 2286 si
690 2232 725 2286 ad
739 2233 864 2288 secunda
877 2236 1021 2290 Encaenia
1040 2241 1231 2318 respexerint,

282 2331 320 2375 ne
339 2322 380 2371 sic
401 2319 518 2388 quidem
537 2332 667 2374 constare
684 2321 836 2373 calculum.
872 2319 983 2386 [Locus
998 2323 1084 2378 isthic
1098 2339 1230 2381 exuratur

282 2403 361 2476 apud
380 2405 463 2460 Mart.
487 2403 644 2457 Henetiam
661 2405 695 2460 de
708 2402 829 2478 Byzant.
851 2423 906 2462 rer.
926 2410 1041 2482 Scriptt.
1060 2410 1091 2464 P.
1104 2413 1126 2466 l.
1146 2415 1230 2468 cvi.

283 2488 326 2548 12.
367 2492 419 2562 S]

250 2581 281 2631 S.
302 2577 480 2649 Georgius
504 2577 544 2628 de
572 2577 779 2652 mangana]
815 2581 859 2637 De
879 2571 935 2638 hac
954 2583 1031 2639 sede
1050 2583 1177 2640 diximus
1196 2587 1229 2641 sd

280 2663 421 2719 Villhnrd.
445 2663 483 2717 N.
501 2663 560 2720 178.
583 2675 612 2716 et
631 2665 664 2717 in
683 2665 778 2721 l'ract.
798 2667 873 2724 llist.
897 2671 931 2726 de
952 2669 1050 2746 Capite
1077 2672 1107 2726 S.
1127 2674 1228 2728 locun.
1328 2677 1329 2696 ¹

279 2749 362 2824 Bapt.
377 2753 434 2806 oli
452 2749 540 2805 N.11.
574 2750 654 2804 Adde
668 2753 813 2808 Alexiadis
833 2775 897 2828 pag.
906 2759 950 2814 80.

249 2837 388 2888 Sancto
415 2837 558 2906 Herinr']
602 2839 673 2892 'l'ria
693 2845 876 2912 potissimum
897 2846 928 2899 C.
943 2843 973 2901 P.
991 2847 1088 2901 Irenes
1109 2851 1227 2904 nomine

279 2921 369 2978 fuisse
390 2925 497 2994 templa
518 2929 673 2996 comperio.
708 2927 851 2998 Primum,
869 2931 949 3000 quod
968 2931 1173 2988 Constantinus
1188 2935 1229 2992 Μ.

278 3010 361 3082 juxta
380 3009 486 3062 sedem
506 3011 683 3082 Sophianem
703 3020 850 3086 extruxit,
879 3015 914 3072 de
936 3035 995 3090 quo
1020 3019 1146 3071 Socrates
1166 3023 1187 3074 l.
1203 3023 1226 3077 1.

277 3101 302 3148 c'.
317 3095 359 3150 16.
383 3095 403 3147 l.
419 3097 446 3149 2.
464 3114 488 3149 c.
501 3099 526 3152 6.
566 3099 701 3153 Cedrenus
717 3121 744 3173 p.
759 3104 821 3158 282.
852 3101 942 3154 Paul.
962 3104 1044 3158 Dice.
1059 3107 1078 3160 1.
1093 3107 1133 3162 11.
1172 3109 1238 3161 Ni„

277 3179 358 3248 ceplr.
378 3179 446 3230 Call.
460 3181 480 3233 l.
490 3183 516 3236 9.
535 3182 593 3240 cl·
608 3197 661 3240 ete.
696 3189 778 3243 Hunc
790 3189 898 3243 Aedem
915 3189 1035 3242 eodinus
1052 3193 1158 3244 Irenem
1173 3211 1228 3245 err-

276 3268 399 3337 tiquom‚
418 3270 589 3338 appellatam
608 3259 696 3328 luisse
711 3277 764 3344 ait,
784 3287 816 3328 ut
834 3288 862 3330 et
875 3288 956 3330 vetus
969 3277 1049 3330 urhis
1064 3279 1225 3352 descriptio.

276 3352 411 3407 Nominis
432 3356 572 3408 rationem
593 3359 677 3412 tradit
697 3375 781 3416 autor
796 3365 871 3416 vitae
887 3361 970 3418 Pauli
983 3362 1138 3420 Patrierch.
1153 3367 1183 3422 C.
1196 3363 1225 3422 P.

276 3439 354 3510 apud
366 3439 517 3494 Photium:
548 3448 743 3512 Xsspororuirus
760 3449 775 3500 d
793 3453 905 3510 Παῦλος
927 3455 1065 3512 ἐπίσκοπος
1084 3457 1112 3504 le·
1131 3457 1165 3525 τι]
1181 3457 1227 3520 τῆς

276 3523 352 3593 ἁγίας
369 3525 485 3596 Εἰρήνης
501 3525 656 3598 Turinum,
674 3532 705 3602 ἣν
727 3535 852 3606 ὂχρόνος
873 3537 1072 3599 &retenemus
1092 3545 1139 3608 τῆς
1159 3545 1225 3600 Νέας
1328 3587 1329 3594 ,

275 3612 371 3664 δέδωκε
392 3615 534 3666 καλεῖσθαι
550 3618 683 3670 Iluluuiv·
718 3620 791 3676 Cum
806 3627 1008 3696 conflagrasset
1027 3630 1061 3679 in
1084 3627 1224 3682 seditione
1328 3695 1329 3698 Ἴ

274 3697 513 3770 victoriatorurn‚
533 3713 566 3754 ut
582 3716 623 3756 est
637 3707 669 3756 in
690 3707 816 3762 chronic.
832 3711 914 3786 Alex.
935 3726 963 3766 et
978 3713 1055 3784 apud
1072 3715 1227 3780 Zonaromg

280 3783 443 3847 cedrenum,
461 3801 513 3841 etc.
536 3792 627 3842 multo
644 3796 812 3868 ampliorem
830 3802 960 3852 extruxit
975 3800 1167 3868 lustinisnus,
1184 3804 1225 3856 ita

274 3873 307 3922 t'tt
326 3874 484 3926 secundum
507 3895 522 3928 a
545 3875 691 3948 Sophians
712 3881 896 3938 sedelocum
919 3890 1055 3940 tenuerit.
1090 3887 1226 3942 Meminit

274 3955 359 4010 istius
383 3959 468 4014 Aedis
489 3963 551 4034 ipse
572 3963 759 4022 lustinienus.
786 3969 862 4026 Nor.
878 3973 904 4030 3.
927 3991 951 4027 c.
967 3974 994 4029 3.
1037 3973 1130 4030 Hodie
1149 3977 1224 4028 intre
1328 4031 1329 4036 ,
