2738 5184
350 416 428 494 130

293 619 294 626 ’
346 616 481 699 signmn
497 614 643 698 cupiunt,
667 618 700 674 et
713 627 811 698 saepe
825 609 914 676 cives
927 608 1178 678 transeuntibus
1195 613 1233 676 in
1247 620 1330 677 nocte

346 718 481 798 signum
510 711 756 795 demonstrent,
783 720 823 776 ut
845 717 948 776 tutius
962 713 1158 798 ‚navigatum
1210 711 1328 780 Fertilis

265 821 271 839 ⁴
345 824 380 880 et
395 811 517 880 XXX.
531 817 589 877 cir.
604 817 663 878 mi.

742 973 954 996 m

806 1122 870 1195 74.

345 1229 498 1333 Μαονί
521 1287 581 1330 seu
609 1263 779 1330 Chalclzis
801 1265 883 1330 olim
905 1269 943 1346 in
961 1263 1098 1352 Aegaeo
1119 1272 1212 1332 mari
1231 1269 1331 1335 insula

347 1365 433 1434 dicta
454 1379 519 1446 est,
549 1374 584 1430 in
605 1388 671 1452 qua
695 1373 794 1452 pauci
817 1365 975 1431 habitant.
1023 1363 1084 1431 Ad
1109 1365 1203 1434 hanc
1231 1382 1331 1436 autem

343 1467 564 1539 'Poemidab
603 1463 791 1553 praefectus
819 1466 933 1532 classis
959 1465 1139 1546 Antiochi,
1169 1477 1331 1556 pervenit,

346 1570 506 1634 insidians
524 1567 696 1632 Romanae
714 1567 825 1646 classi,
849 1577 882 1632 et
901 1573 948 1632 sic
964 1569 1112 1634 devictus
1128 1577 1330 1634 remansitin

346 1681 464 1735 totum.
508 1668 603 1750 Quae
625 1667 704 1734 XL.
720 1672 778 1737 cir.
792 1673 850 1734 mi.
893 1667 1012 1736 Rubeu
1029 1666 1112 1734 haec
1128 1668 1228 1736 litera
1247 1669 1330 1738 mille

346 1777 513 1862 importat.

739 1911 949 1931 Μ

803 2059 868 2134 75.

346 2170 525 2294 Cepimus
546 2207 624 2270 alias
641 2205 722 2270 duas
738 2207 938 2269 convicinias
959 2201 1086 2268 insulas
1108 2208 1328 2294 supradictae,

343 2331 428 2396 quae
445 2307 591 2373 Schiati
606 2318 639 2371 et
652 2306 802 2394 Scopuli
816 2305 918 2370 dictae
931 2317 1034 2384 erant,
1055 2311 1092 2370 in
1105 2304 1247 2394 Aegaeo
1261 2332 1326 2374 rnu-

343 2415 384 2474 ri.
417 2407 570 2488 Quarum
583 2414 681 2494 prior
692 2403 823 2484 XXII„
848 2403 1147 2472 secundaXH.cir
1162 2415 1223 2473 mi.
1259 2409 1326 2474 Ha-

341 2531 421 2575 rum
441 2507 577 2595 quidem
600 2509 682 2573 olim
704 2507 859 2570 dominus
880 2527 1020 2591 magnae
1050 2517 1122 2570 erat
1147 2509 1326 2578 industriae

343 2620 377 2674 et
395 2613 533 2698 astutiae
555 2614 667 2674 nimis.
710 2605 780 2686 Qui
802 2607 906 2672 semel
928 2629 1007 2670 cum
1027 2606 1069 2670 ad
1087 2608 1238 2676 insulam
1258 2613 1326 2678 Eu-

341 2711 462 2776 boeam
476 2714 661 2794 navigasset
674 2707 716 2774 ad
727 2706 967 2794 praedandum,
981 2712 1061 2771 etin
1073 2717 1202 2774 terram
1215 2735 1325 2777 ornnes

342 2811 605 2887 descendissent,
628 2815 716 2875 cives
736 2799 823 2872 elam
836 2827 969 2872 evasere
981 2807 1139 2886 biremes,
1165 2821 1200 2874 et
1215 2817 1265 2876 sic
1277 2818 1326 2900 pi-

338 2923 430 2978 ratae
443 2910 484 2974 ad
498 2915 702 2974 occisionem
714 2927 830 2974 onmes
845 2917 1079 2998 pervenerunt.
1122 2907 1221 2978 Haec
1235 2912 1326 2991 litera

334 3012 444 3079 rubea
463 3021 598 3094 centum
612 3015 782 3100 importat.

728 3187 934 3208 m

750 3353 754 3362 ’
800 3333 864 3407 76.

339 3435 541 3563 Consurgit
568 3495 682 3542 eorem
708 3473 803 3540 dictis
829 3473 948 3540 insulis
978 3474 1138 3562 scopulus
1166 3477 1325 3550 Sanetus

336 3579 468 3648 Helias
482 3579 604 3655 dictus,
631 3579 706 3662 qui,
729 3575 907 3640 sublimior
920 3576 1001 3655 aliis,
1017 3575 1144 3664 ubique
1156 3587 1324 3664 minatur-3

335 3685 372 3745 in
392 3683 487 3744 euius
508 3681 680 3770 caeumine
702 3675 839 3740 ecclesia
862 3698 965 3762 parva
982 3675 1194 3764 insurgebat,
1224 3695 1260 3748 et
1281 3683 1323 3748 ibi

232 3839 235 3843 .
336 3777 525 3856 Caloierus,
553 3771 699 3841 serviens
719 3775 812 3856 Deo,
842 3777 884 3840 ad
905 3777 1010 3842 solem
1032 3777 1116 3844 <lum
1139 3778 1324 3863 dormiret,

333 3878 461 3967 aquila,
482 3875 619 3943 eredens
640 3882 752 3974 ipsum
770 3877 1011 3964 esse-brutum,
1031 3880 1068 3944 in
1082 3899 1163 3947 eum
1179 3880 1322 3962 descen}
