2738 5184
992 377 997 386 '
1031 385 1115 470 ‘m

130 583 241 650 betur.
284 585 318 655 A
333 607 397 674 qua
414 589 449 656 iu
465 590 541 654 iiim
554 584 710 658 Mittam
727 592 907 664 intruens,
932 587 991 660 uhi
1004 565 1117 660 ortu
1133 615 1140 628 ·

129 685 216 755 Emi
230 685 397 756 habitatin
417 709 494 756 rum
510 685 664 757 Acheloo
678 685 819 765 flumtne
831 693 1033 780 propinquo.

587 1023 648 1094 69.

114 1133 301 1266 ‚Sequitur
315 1183 413 1244 etiam
436 1179 539 1246 Touo
560 1176 688 1258 imula,
712 1181 803 1269 quod
821 1186 998 1272 promitto
1014 1180 1116 1252 latine

124 1291 238 1356 sonat,
266 1301 373 1368 prope
394 1291 543 1346 montem
566 1294 718 1348 sanctum
737 1280 838 1348 hodio
859 1283 1001 1364 dictum,
1031 1307 1117 1374 quae

123 1376 206 1446 XL.
220 1385 341 1446 uiuunt.
356 1393 388 1446 et
400 1381 545 1448 habitata
558 1383 664 1450 valde.
695 1383 779 1450 Triu
792 1391 828 1449 in
841 1407 879 1452 ea
892 1386 1015 1473 oppida
1028 1408 1115 1458 enu-

124 1486 252 1546 meravi
268 1482 409 1569 pulchra
429 1507 508 1550 cum
525 1483 690 1550 fertilitate
710 1492 874 1564 maxima,
896 1509 980 1574 quae
1001 1507 1118 1555 coram

124 1589 188 1648 oro
199 1579 343 1652 Acheloi
357 1584 506 1654 fluminis
521 1582 737 1652 famosissimi
751 1585 876 1655 adiacet
888 1587 1074 1660 manifeste.

512 1763 723 1783 nnn—“-

587 1937 649 2010 70.

121 2052 329 2164 Invenimus
342 2108 419 2186 poet
433 2097 555 2162 dictam
566 2097 712 2164 insulam
725 2109 875 2164 montem
883 2096 1111 2186 Athosolim;

120 2209 157 2262 et
170 2203 320 2286 quamvis
341 2222 433 2265 nuno
448 2206 621 2265 continens
641 2205 699 2275 eit,
721 2197 1031 2287 tempore-Xerxis,
1053 2225 1111 2270 re-

119 2306 174 2388 gis
196 2297 391 2380 Persarum,
418 2325 438 2366 a
461 2308 642 2366 continenti
663 2324 762 2368 mons
789 2307 849 2364 iste
878 2314 949 2366 erat
970 2303 1112 2384 drusus,

119 2422 213 2468 nuno
237 2425 315 2473 curn
334 2415 423 2470 terra
442 2403 538 2470 firma
561 2409 760 2470 coniunctus
780 2413 829 2468 est
846 2414 877 2466 et
892 2402 1001 2470 Mons
1015 2405 1114 2472 San·

123 2510 434 2582 otus-nominetur,
456 2525 564 2594 prope
577 2504 852 2572 salonicensem
870 2509 1050 2588 civitatem,
1072 2511 1109 2576 iu

120 2611 296 2694 provincia
318 2605 498 2683 'Pinacium
521 2606 701 2670 attissimus
726 2603 820 2670 valde
843 2616 875 2670 et
898 2606 945 2670 ibi
966 2612 1111 2694 propin-

120 2730 222 2798 quus.
254 2707 359 2773 Cuius
374 2714 410 2774 in
426 2711 615 2772 summitate
627 2705 832 2772 Achroono
848 2707 1013 2792 oppidum
1026 2707 1109 2775 olim

120 2821 203 2875 erut.
246 2809 399 2895 Longior
414 2813 566 2896 quani-in
579 2806 653 2872 eliis
668 2811 765 2870 terris
781 2817 868 2870 aetas
889 2805 1111 2875 habitantium

119 2911 376 2989 extendebatum
401 2921 432 2974 ot
452 2913 644 2974 incircuitu
655 2913 779 2972 montis
794 2907 835 2972 ad
850 2909 927 2994 plus
946 2905 1100 2975 CXXIV
1100 2905 1117 2975 .’

117 3018 178 3080 mi.
191 3013 322 3078 videtur
335 3010 467 3076 habore.
497 3009 576 3088 Quo
590 3015 625 3076 in
639 3009 714 3072 loco
730 3020 779 3074 tot
794 3021 826 3072 et
840 3020 928 3074 tanta
942 3020 1020 3073 sunt
1032 3031 1110 3076 mo·

117 3117 262 3181 nasteria
272 3112 514 3190 Caloierorum,
538 3111 648 3181 Sancti
665 3111 813 3182 Basilii,
842 3111 1104 3198 chrysostomi,

117 3213 350 3291 Nazanzeni,
358 3226 391 3278 et
404 3219 661 3300 praetoritorum
674 3211 930 3291 monachorum,
937 3214 1028 3301 quod
1038 3210 1107 3280 dif-

17 3359 22 3368 ·
118 3317 207 3384 ficile
221 3315 309 3382 soret
322 3316 363 3380 ad
381 3313 597 3381 narrandum.
640 3314 791 3400 Surgunt
804 3319 906 3400 igitur
922 3319 958 3378 in
974 3325 1106 3402 tempe.

118 3429 201 3484 etate
220 3423 326 3484 noctis
348 3417 495 3492 silentio,
517 3425 696 3504 postquam
714 3420 848 3501 signum
868 3420 1019 3502 primum
1040 3415 1108 3502 tig-

116 3541 200 3586 neae
210 3539 398 3606 empturo
418 3538 518 3582 rauca
531 3537 611 3582 voce
626 3517 777 3596 dederat,
797 3515 982 3580 secundum
996 3513 1106 3581 Grae-

117 3629 239 3686 eorum
259 3617 551 3692 eonsuetudinem,
581 3619 675 3684 etad
695 3619 868 3684 ecclesiam
896 3616 1107 3696 accedentes,

118 3719 313 3792 matutinale
336 3720 487 3784 ditinum
508 3729 639 3784 cantant
662 3719 821 3786 officium.
865 3715 1020 3802 Cumque
1038 3714 1106 3785 hoo

116 3824 250 3890 finitum
260 3833 330 3900 ost,
353 3819 395 3885 ad
411 3838 485 3884 suae
502 3819 642 3888 redeunt
657 3845 765 3904 casae,
787 3831 818 3884 et
836 3816 995 3906 quicquid
1008 3839 1027 3903 ⁸.
1041 3837 1105 3888 suo
