2742 5182
278 413 332 492 te

280 622 314 682 et
328 607 466 676 decolati
481 611 549 674 iam
562 606 622 674 diu
636 631 655 674 a
670 609 803 697 piratis,
824 609 897 672 sine
906 615 1085 694 apparea,
1104 613 1269 697 usquein

276 713 480 780 hodierum
493 709 688 798 panduntur
702 710 837 796 ubique.
880 707 1053 796 Tempore
1066 731 1147 796 ergo
1164 711 1267 776 Mor·

278 815 410 882 basani
428 811 552 891 Turci,
572 821 732 900 perventa
751 831 873 895 magna
892 809 1015 890 classe,
1035 816 1115 876 istas
1134 814 1265 878 insulas

276 924 314 982 in
324 926 434 979 tetum
448 913 598 977 delevere
609 918 746 998 piratae.
789 911 889 976 Solus
901 911 958 976 ille
972 912 1095 976 nobilis
1109 912 1265 978 Venetus

275 1019 462 1084 lohannes
479 1015 654 1100 Quirinus
676 1018 745 1076 suis
764 1013 893 1077 viribus
916 1033 990 1076 eam
1008 1017 1150 1102 incepit,
1175 1025 1267 1080 tem-

276 1139 361 1208 pore
375 1115 518 1182 Concilii
533 1113 762 1192 constantiae,
784 1123 981 1180 restaurare.

665 1290 876 1308 —

741 1457 803 1532 19.

289 1600 481 1704 Testmtm
492 1643 619 1702 veteres
634 1643 667 1699 et
681 1637 828 1699 maxime
843 1632 990 1701 Plinius
1006 1637 1098 1725 quod
1113 1637 1197 1706 haec
1211 1647 1269 1708 in-

277 1742 351 1806 sula
365 1735 515 1824 Aegaea
536 1735 724 1815 dicebatur3
756 1735 875 1804 deinde
895 1736 1075 1813 Filetera,
1106 1763 1126 1804 a
1145 1741 1274 1823 Filete,

276 1841 324 1906 ibi
347 1841 555 1918 dominante,
583 1846 699 1922 postea
722 1836 883 1916 Calisco,
903 1843 924 1902 a'
944 1839 1089 1906 bonitate
1107 1840 1267 1908 humoris

275 1953 402 2021 terrae,
424 1937 565 2024 denique
588 1937 775 2015 Therasia,
796 1949 973 2026 antequam
990 1949 1190 2022 emersisset,
1213 1944 1268 2008 di-

250 2061 252 2068 ’
276 2043 422 2107 cebatur.
465 2038 533 2103 Sed
545 2048 725 2124 postquam
741 2043 828 2102 eirca
842 2039 991 2104 medium
1005 2046 1140 2104 emersit
1156 2047 1267 2123 etiam,

277 2146 398 2230 elapsis
419 2140 627 2227 temporibus
648 2161 756 2225 usque
779 2143 816 2202 in
836 2137 1039 2206 hodiernum
1062 2141 1269 2210 Santellini

276 2252 501 2312 nominavere.
546 2239 641 2319 Quae
661 2237 779 2303 fertilis
800 2249 831 2304 et
851 2241 1010 2328 populata
1026 2249 1127 2308 nimis
1148 2251 1268 2310 existi.

276 2347 447 2422 mabatur,
470 2352 502 2406 et
514 2351 654 2428 propter
668 2341 801 2406 vulcani
821 2342 1088 2408 combustionem
1106 2346 1267 2410 medietas

277 2455 314 2516 in
331 2443 541 2534 profundum
556 2447 658 2507 maris
674 2451 724 2506 est
740 2441 931 2538 submersa,
950 2450 1047 2508 cuius
1066 2448 1269 2532 particulam
1343 2523 1348 2532 ¹

278 2551 322 2617 ad
337 2546 479 2612 modum
490 2544 590 2608 lunae
605 2552 757 2606 exustam
771 2542 939 2623 videmus,
963 2554 995 2608 et
1014 2545 1189 2614 Therasia
1201 2547 1269 2614 ho.-

276 2651 331 2720 dte
349 2655 581 2732 nuncupatur,
602 2653 635 2708 et
658 2647 705 2706 sic
723 2648 810 2708 inter
830 2639 1000 2732 unamque
1017 2643 1116 2714 aliam
1135 2661 1269 2736 partem

275 2771 440 2838 magnum
454 2743 555 2810 chaos
570 2749 730 2809 remansit
743 2767 916 2832 aquarum.
947 2745 987 2809 In
1000 2769 1067 2833 quo
1081 2758 1169 2812 tanta
1180 2771 1269 2836 pro-

276 2854 423 2922 funditas
455 2847 717 2923 demonstratur,
749 2845 841 2933 quod
868 2845 964 2911 nullo
992 2847 1096 2912 modo
1123 2849 1267 2916 illustris

276 2958 348 3023 dux
355 2949 512 3018 Iacobus
523 2947 645 3012 harma
657 2945 847 3010 insularum
860 2951 897 3010 iu
909 2948 1003 3018 mille
1015 2950 1169 3035 passibus
1183 2949 1269 3016 fim-

276 3057 360 3122 dum
381 3056 540 3136 attingere
559 3053 686 3135 potuit,
707 3057 740 3108 et
761 3044 879 3114 funem
900 3053 1001 3113 nimis
1021 3049 1266 3138 ponderantem

274 3155 419 3222 totaliter
433 3155 470 3214 in
481 3145 691 3236 profundum
705 3145 895 3214 dimersere.
934 3149 1028 3229 Quae
1042 3156 1099 3215 cir.
1112 3137 1193 3218 XL.
1206 3159 1266 3220 mi.

275 3265 309 3322 et
321 3253 364 3320 ad
377 3249 519 3318 modum
530 3247 630 3310 lunae
645 3258 803 3311 cornutae
816 3248 1028 3330 distenditur,
1049 3250 1108 3316 ubi
1132 3273 1152 3316 a
1169 3244 1265 3340 parte

273 3358 428 3447 ponentis
453 3355 545 3414 iuxta
567 3368 659 3411 mare
687 3347 864 3435 magnifica
894 3349 1116 3438 ampliabatur
1139 3357 1265 3420 civitas.
1299 3344 1305 3354 ’

275 3457 398 3522 Coloni
410 3472 507 3528 vero,
533 3448 669 3514 dimissa
681 3455 796 3530 ruina,
818 3455 856 3515 in
868 3461 982 3516 monte
1001 3454 1147 3540 superbo
1163 3462 1265 3544 oppi-

275 3559 365 3626 dum·
382 3551 595 3620 aedificavere
616 3555 794 3616 munitum.
839 3549 994 3639 Cumque
1013 3551 1060 3618 ibi
1081 3575 1161 3632 eum
1179 3580 1265 3645 qua-

275 3661 354 3726 dam
374 3675 458 3722 nave
478 3651 694 3718 Iauueusium
717 3652 901 3741 Phulpum
913 3651 993 3718 Lx„
1014 3655 1207 3729 cubitorum
1227 3667 1265 3725 in

275 3763 417 3828 circuitu
433 3755 623 3822 videremus
646 3764 678 3818 et
695 3775 755 3830 sua
771 3754 985 3862 ampliantem
1000 3751 1136 3822 brachia
1152 3769 1185 3822 et
1199 3765 1264 3826 iter

275 3864 317 3929 ad
336 3883 400 3926 nos
425 3863 651 3943 appetentem,
674 3859 809 3918 citosie
831 3866 1020 3936 cernentes,
1041 3877 1161 3922 navem
1173 3858 1263 3922 reli·

275 3967 409 4055 quimus
422 3975 556 4041 omnes,
577 3965 610 4023 et
624 3959 792 4047 perterriti
807 3975 915 4048 prope
935 3963 1027 4048 ripas
1047 3957 1264 4050 speculamur
