2764 5182
246 389 367 482 ¹ts

296 551 699 684 ‘minusveinsignen
724 585 895 686 itemque
911 586 952 656 in
966 583 1191 668 Zeddleri,
1215 587 1297 661 Ise-

314 724 416 802 lirti,
441 723 642 800 Morerii,
667 720 913 820 aliorumque
929 724 1081 795 Lexicis
1098 720 1295 798 historicis

314 857 381 931 alii
406 855 582 932 eiusdem
605 857 730 953 gentis
746 859 817 931 viri
832 855 1077 956 reipublicae
1095 858 1292 956 gerendae

309 999 354 1067 in
385 989 523 1067 officiis
552 990 725 1092 politicis
758 990 1085 1067 ecclesiasticisis
1113 990 1294 1090 praecla-

309 1154 394 1203 ram
412 1146 598 1203 natantes
620 1151 785 1225 operam
807 1130 1038 1200 excitantur.
1090 1126 1293 1202 Nobilissi-

309 1291 375 1338 ma
401 1282 532 1336 autem
557 1287 651 1363 gens
675 1262 744 1336 illa
768 1261 991 1336 Florentiae
1013 1260 1134 1335 hodie
1157 1265 1292 1363 quoad

309 1400 462 1477 virilem
482 1402 643 1499 stirpem
668 1399 861 1472 exstincta
882 1399 1008 1488 iacet,
1034 1396 1202 1500 solaque
1227 1424 1292 1473 su·
1377 1449 1378 1486 t

307 1553 441 1638 petest
454 1533 630 1608 foemina
646 1530 776 1607 multis
794 1530 951 1605 dotibus
965 1533 1146 1632 insignis,
1172 1521 1291 1608 Mor·

309 1673 431 1746 chesn
446 1672 576 1742 Luisa
592 1669 789 1748 Ferroni,
814 1670 897 1740 sine
922 1665 1024 1741 filiis.
1077 1669 1207 1762 Quam
1230 1670 1290 1743 ul·

306 1811 439 1880 timam
460 1806 642 1877 notitiam
656 1806 740 1876 viro
762 1805 905 1874 eximio
923 1806 1116 1874 Antonio
1133 1805 1287 1890 Benei,
1377 1835 1378 1838 ¹

305 1943 554 2032 Florentino,
579 1921 691 2038 grato
713 1941 843 2012 animo
867 1955 1074 2038 acceptam
1093 1937 1236 2016 refero.

752 2259 762 2278 .
799 2212 858 2282 13.

346 2363 375 2406 α.
415 2340 667 2430 christophori
688 2203 965 2406 Bindelmontii
987 2335 1115 2404 Nostri
1142 2339 1240 2408 Vita.

379 2511 718 2611 Christophorus,
743 2532 815 2582 seu
840 2508 1150 2609 christophorus
1171 2512 1283 2583 Bort-
1376 2603 1377 2608 ἵ

301 2650 569 2726 delmontius,
584 2642 1015 2725 siveBttondelmonti,
1033 2670 1081 2718 ex
1098 2646 1283 2746 scriptio.

297 2811 350 2858 ne
368 2782 482 2875 itala,
508 2782 588 2855 sive
607 2782 661 2852 de
679 2778 1074 2862 Bondelmontibus,
1100 2799 1144 2854 ut
1168 2786 1210 2854 in
1234 2786 1283 2856 ti·
1375 2853 1376 2862 ,

296 2921 381 2995 tulo
409 2917 605 2992 Codicum
630 2939 777 2986 nomen
800 2909 1018 3013 profertur,
1047 2919 1174 3014 patria
1189 2917 1281 2990 Flo·
1374 2965 1375 2972 κ

295 3057 422 3128 rentia
436 3053 606 3124 Tusciae
624 3047 827 3140 oriundus,
854 3046 1174 3148 Archipresbyter
1192 3071 1281 3125 erat

294 3185 499 3284 Ecclesiae
516 3184 686 3259 Sanctae
703 3184 850 3256 Mariae
866 3208 985 3284 supra
1003 3184 1161 3279 Arnum,
1176 3203 1280 3282 teste

296 3325 488 3401 Cornaro
511 3323 553 3392 in
575 3315 827 3394 Praefatione
850 3321 892 3391 in
918 3321 1076 3393 Cretam
1100 3345 1278 3415 sacram,

291 3486 332 3562 p.
346 3471 382 3546 5.
435 3454 494 3529 Ab
514 3455 738 3526 Ambrosio
767 3457 1041 3529 waversario
1067 3479 1156 3530 eum
1184 3455 1280 3531 mis·

292 3621 379 3670 sum
393 3590 510 3666 fuisse
527 3593 569 3664 in
589 3589 796 3665 Graeciam
817 3590 921 3670 „ad
931 3619 1089 3690 graeca
1111 3618 1279 3692 eompa-
1370 3647 1371 3696 p

290 3730 432 3805 tanda
462 3725 722 3799 volumina“
752 3743 796 3799 ut
823 3729 876 3799 ait
899 3731 1052 3801 Auctor
1076 3727 1144 3802 ille
1171 3729 1219 3803 T.
1244 3754 1278 3802 ι.

290 3893 332 3980 p.
344 3879 418 3966 378
437 3861 525 3938 libri
540 3861 752 3936 Ambrosii
770 3863 1032 3936 Traversarii
1046 3861 1275 3964 Epistulae,

1207 3998 1277 4074 ed.
