2742 5182
260 395 322 470 *76

271 589 499 678 speculator}
513 586 614 678 'quasi
631 587 967 678 snpraspeoalatrix
973 597 986 668 ,'
1000 587 1084 677 qiua
1098 587 1258 656 sonions

271 695 359 758 tibus
373 692 468 756 valde
486 691 610 758 elevata
626 701 675 754 est
687 701 752 754 eta
765 690 865 776 longe
884 695 1032 754 cernitur
1044 697 1155 756 nimis.
1199 692 1261 756 De

259 800 397 859 oriente
423 795 465 858 ad
488 793 666 858 occiduum
692 791 866 878 elongatur
889 801 921 854 et
940 789 1095 856 XXXV.
1115 797 1174 856 cir.
1195 797 1260 856 mi.

270 892 330 962 Ad
345 901 508 960 orientem
521 892 728 980 irondifluus'
740 892 886 956 elevatur
901 913 1009 969 mons,
1033 898 1130 956 cuius
1144 899 1182 956 in
1196 913 1258 955 ra-

179 993 187 1000 ”
271 995 400 1060 dicihus
415 996 483 1059 duo
504 1003 633 1058 exstant
651 993 797 1079 scopuli,
821 1013 966 1078 quorum
980 1011 1068 1056 unus
1082 991 1258 1059 Aschina

154 1165 157 1171 Δ
271 1096 466 1184 appellatur.
513 1090 573 1160 Ad
594 1098 737 1160 trionem
758 1115 837 1159 vero
858 1093 1022 1180 oppidum
1044 1093 1156 1158 Sancti
1174 1093 1259 1158 Sce-

268 1198 387 1286 plmni
406 1195 518 1273 video,
540 1200 576 1258 in
596 1217 664 1280 quo
683 1206 801 1282 portus
822 1206 855 1259 ct
874 1194 995 1282 planus
1012 1192 1258 1258 manifestatur

178 1377 179 1386 χ
217 1291 224 1295 ’
269 1297 329 1364 Ad
353 1295 531 1360 occiduum
544 1297 764 1374 ,Zacoaloro
788 1302 937 1382 erigitur,
954 1305 1094 1382 egestate
1119 1295 1257 1384 plenus.

237 1454 239 1460 ,
269 1397 310 1464 In
329 1396 441 1461 medio
463 1418 596 1484 quoqne
619 1397 686 1460 duo
707 1397 771 1462 alia
790 1397 915 1484 oppida
935 1395 1022 1460 male
1043 1395 1257 1472 habitantur,

271 1498 392 1588 quibus
417 1502 529 1583 polius
553 1497 673 1584 aeghae
695 1508 856 1582 vagantur
878 1520 979 1586 quam
1003 1495 1157 1561 homines
1177 1483 1257 1560 loca

270 1601 401 1669 valeant
417 1597 593 1664 custodire.
1224 1615 1228 1627 “

733 1942 794 2013 17.

257 2086 432 2192 ‚Ostendi
455 2125 555 2184 situm
577 2118 760 2205 Piscopiae.
801 2119 905 2185 Nunc
925 2118 967 2184 ad
990 2118 1134 2184 Cariam
1154 2117 1256 2210 olim,

269 2224 370 2292 hodie
385 2219 540 2290 Nisaros
558 2221 704 2284 indicare
720 2221 847 2288 valeam
860 2245 929 2287 uno
943 2243 1021 2287 cum
1037 2240 1098 2282 suo
1115 2229 1254 2285 semaco

268 2336 393 2392 monle.
440 2321 570 2388 (laridi
589 2344 723 2408 graece,
745 2346 824 2390 nux
842 2323 960 2402 latinos
983 2320 1094 2389 Nisos
1115 2343 1253 2406 graece,

270 2428 395 2494 insula
406 2425 506 2491 latine
519 2429 764 2510 interpretatur.
805 2423 873 2488 Hic
887 2423 1100 2499 Flaminius,
1121 2421 1255 2500 consul,

256 2528 399 2594 ,rediens
417 2525 456 2589 de
478 2523 628 2610 partibus
644 2521 791 2590 Orientis
812 2534 844 2590 et
865 2510 1021 2588 accedens
1040 2531 1253 2610 pugnaturus

266 2638 385 2694 contra
402 2625 535 2702 Gallos,
563 2637 743 2711 auguratus
765 2637 814 2692 esi
833 2631 1006 2692 victoriam
1027 2624 1192 2703 obtinere,
1219 2634 1255 2688 et

268 2734 316 2794 sic
331 2726 457 2794 iactum
469 2731 505 2790 in
518 2726 593 2790 luce
605 2726 750 2792 resolvit.
792 2727 906 2816 Itaque
927 2727 1037 2792 insula
1056 2724 1138 2806 haec
1159 2748 1252 2790 sem-

265 2851 329 2919 per
352 2828 513 2894 benevola
535 2825 696 2892 Romanis
714 2827 833 2894 'habita
857 2839 914 2893 est.
957 2827 1024 2891 Per
1042 2825 1129 2891 hanc
1150 2831 1250 2890 etiam

250 2935 429 2996 aransiens
450 2927 627 3014 Cleopatra
651 2951 729 2993 cum
745 2927 912 3006 Antoni0,
934 2939 967 2994 et
986 2928 1136 2992 nolentes
1160 2931 1248 2991 cives

253 3035 452 3120 ,praecepiis
466 3035 620 3114 ipsorum
633 3028 786 3111 obedire,
810 3039 916 3094 totam
929 3028 1075 3095 insulam
1089 3027 1249 3093 delevere.

266 3131 311 3197 Et
322 3129 446 3194 XVIII.
461 3135 519 3216 cir.
533 3131 589 3190 mi.
606 3138 638 3190 et
657 3137 804 3216 quinque
824 3131 978 3196 videntur
999 3129 1136 3217 oppida,
1161 3152 1249 3217 quo-

265 3253 346 3295 rum
361 3230 427 3292 duo
440 3227 677 3316 principaliora
691 3243 866 3316 apparent,
889 3231 1114 3298 Mandrachi
1127 3243 1160 3295 ct
1173 3232 1248 3296 Pa-

185 3390 192 3396 .
240 3330 245 3344 '
266 3332 493 3404 laeocascro,
523 3339 555 3393 et
571 3329 833 3409 Pandeniolzi‚''
847 3331 967 3399 Nicea
983 3344 1014 3397 et
1027 3331 1149 3418 Argos
1169 3344 1250 3398 sunt

265 3436 303 3498 in
317 3434 466 3493 circuita.
511 3428 608 3492 Circa
622 3432 773 3498 medium
786 3455 883 3500 mons
898 3438 1035 3520 erigitur
1050 3434 1247 3513 akissimus,

267 3536 391 3619 quoin
412 3534 599 3594 summitate
617 3552 680 3618 per
703 3529 933 3597 subterraneos
954 3546 1082 3598 meatus
1103 3535 1247 3624 sulphu-

265 3625 346 3696 re'us
359 3635 444 3715 ignis
462 3629 567 3694 dicae
588 3643 685 3696 nocte
703 3619 828 3697 eructat
843 3642 878 3698 in
893 3633 1073 3715 altuni,'nt
1091 3641 1128 3700 in
1149 3628 1247 3700 insn-

254 3731 299 3797 ·la
321 3731 509 3816 Stronguli
526 3732 616 3818 apud
635 3731 808 3820 Liparum
833 3735 983 3802 hahetur.
1025 3737 1064 3803 ln
1084 3737 1247 3806 descensu

251 3852 347 3898 ·vero
374 3833 583 3913 montis,ad
609 3837 732 3898 iactum
751 3835 886 3922 lapidis,
921 3837 1000 3904 fons
1024 3839 1244 3904 calidissimus

254 3945 399 4018 emanat
412 3938 448 3996 in
461 3936 583 4013 imina,
592 3922 636 3999 'et
651 3939 686 3998 in
698 3937 802 4028 plano
817 3944 902 4004 cisoa
919 3940 1030 4006 lacum
1048 3939 1247 4029 profundis-
