2742 5182
992 450 1068 525 tto

77 655 194 701 eorem
212 633 355 704 eodem
344 651 544 726 imperatore
558 647 732 728 emqssestl
749 653 835 708 sunt.
877 640 936 740 Ille
954 646 1065 733 igitur,

77 733 161 800 dum
186 742 340 804 astutiam
356 752 459 828 utque
480 739 633 808 fraudem
655 743 780 809 obbatis
803 733 1065 829 compeiit,re-

76 842 230 899 stsurutis
254 839 431 920 colobiis,
453 861 568 908 eorem
591 865 631 908 eo
652 841 873 910 debilissimo
892 857 1006 912 monte
1027 853 1064 916 iu

74 939 187 1002 imum
201 939 355 1028 delapsus
374 955 431 1008 est.
451 978 492 994 -
530 943 703 1010 Bubulcus
719 945 781 1009 sub
795 958 906 1012 erutro
919 969 975 1013 vas
987 947 1063 1038 ple·

73 1059 161 1106 num
181 1047 307 1128 argenti
327 1045 509 1123 adinvenit,
532 1050 590 1134 qui
610 1051 674 1109 cito
697 1067 809 1111 corum
824 1045 958 1113 Moreto
978 1071 1063 1115 oue-

71 1150 147 1205 ruto
164 1163 267 1205 curru
282 1152 417 1210 accessit
431 1157 462 1212 et
476 1157 645 1212 monetam
662 1145 724 1210 sibi
744 1153 957 1236 consignavit.
991 1149 1062 1253 Ille,¹

74 1247 245 1328 requisitis
261 1246 447 1310 senioribus
464 1254 558 1312 cuius
573 1251 683 1332 imago
699 1247 807 1312 esset?
844 1261 876 1314 et
889 1243 1061 1320 neminem¹

70 1346 253 1421 inveniret
282 1350 327 1410 eit
346 1327 510 1412 bubulco:
548 1345 614 1412 Vir
632 1345 736 1426 bone,
766 1367 829 1414 uec
854 1355 965 1438 imago
983 1373 1060 1419 mes

71 1453 140 1520 est,
164 1465 272 1535 neque
286 1468 440 1514 meorum
454 1459 702 1514 autecessorum
714 1448 795 1529 luit,
817 1473 919 1539 quere
932 1451 1060 1521 iustum

70 1566 142 1608 ιιοιι
159 1543 234 1610 fore
252 1545 377 1616 fectum
398 1549 545 1615 alienum
562 1562 727 1636 caperest
742 1562 872 1616 rectum
888 1551 987 1620 alieni
1000 1573 1059 1627 ees

69 1637 207 1734 etipse-e.
248 1647 343 1738 Ergo
355 1661 412 1719 tus
427 1661 485 1715 est.
527 1647 622 1714 Vnde
635 1654 671 1716 iu
685 1672 777 1738 pecs.

534 1935 666 2068 ιι1

65 2127 127 2236 Α
129 2172 151 2236 d
167 2176 327 2238 orientem
342 2175 378 2238 in
392 2175 530 2238 introitu
550 2177 651 2239 meris
664 2169 875 2263 Hellesponti
891 2169 1055 2240 Mamo-

65 2271 112 2338 re
126 2271 237 2338 insule
250 2283 299 2338 est
314 2284 346 2340 et
360 2269 479 2338 XXX.
495 2280 553 2338 cis.
567 2279 625 2340 mi.
668 2273 758 2339 Tota
769 2283 948 2339 montuosa
961 2291 1058 2340 mes«

66 2394 206 2451 morum
231 2384 263 2438 et
288 2373 447 2439 arborosu
471 2380 670 2464 supinorum
693 2361 823 2462 repertu
844 2386 911 2454 cst3
944 2397 1053 2464 equa

66 2473 215 2544 Consta.
195 2482 324 2553 tinus,
359 2473 559 2541 lustinieuus
581 2475 687 2540 etalii
707 2473 928 2563 Impemtoses
949 2481 1053 2541 iuuu-
1116 2495 1120 2498 ·

64 2575 239 2642 morabilis
255 2575 403 2642 aedificio
416 2597 624 2644 marmorum
637 2599 700 2664 pro
714 2575 797 2640 urbe
814 2577 1053 2640 Coustsmino

64 2677 137 2764 poli
161 2689 392 2757 extruxerunt
423 2690 454 2742 et
479 2684 515 2744 in
536 2687 638 2764 ponte
662 2675 792 2768 lapideo
817 2675 1053 2740 onerabuntur

64 2779 122 2846 Ab
145 2779 211 2844 ulio
232 2779 333 2846 lutere
353 2779 517 2870 oppidum
533 2778 679 2844 elevetur
694 2799 879 2862 puucomm
899 2775 1052 2844 hebiteu-

63 2889 168 2960 tium,
198 2879 254 2945 ubi
275 2881 403 2968 scopuli
431 2879 533 2969 aliqui
558 2877 758 2968 praevalent.
801 2877 934 2944 Dicitur
961 2881 1051 2943 enim

63 3005 159 3048 mere
180 2979 246 3046 hoc
265 2981 524 3070 Hellespontum
544 3002 646 3050 mure.
691 2977 806 3047 Helles
824 3002 920 3066 ergo,
941 2977 1051 3044 Atha-

62 3089 186 3168 mantis
205 3081 287 3160 filie,
311 3106 389 3148 cum
404 3081 531 3148 Phrixo
546 3080 663 3157 fratre,
682 3081 820 3150 iusidias
841 3079 972 3168 fugiens
985 3101 1051 3146 uo·

63 3184 229 3260 vercelles,
253 3206 354 3248 aureo
374 3195 466 3248 vecta
489 3178 815 3262 existe,'inf01·tuulo
837 3206 914 3259 suo,
935 3179 996 3246 bas
1013 3186 1050 3249 iu

62 3285 171 3366 ulidus
199 3283 335 3364 decidit3
373 3282 527 3372 absorpto
555 3284 595 3350 de
624 3307 659 3349 se
679 3306 814 3374 *nomen
836 3283 926 3348 dedit
948 3282 1049 3349 undis

60 3399 282 3476 puuctum,
304 3395 358 3462 ut,
380 3384 470 3470 quod
490 3380 644 3472 postulo
664 3383 834 3457 dicebatur
861 3395 972 3464 entes,
995 3383 1048 3448 di-

61 3498 197 3551 ceretur
219 3498 334 3574 posteo
355 3485 641 3573 Hellespontum.
696 3485 808 3552 Habet
831 3489 931 3572 igitur
956 3505 1051 3548 mere

60 3587 152 3653 istud
168 3593 301 3652 initium
316 3586 356 3652 ab
374 3585 577 3670 Erythraeo
591 3587 705 3665 litore,
728 3587 786 3656 ubi
799 3585 913 3654 Aiacis
934 3583 1049 3672 sepul-

60 3689 185 3756 chrum
206 3693 359 3775 esigitur,
387 3709 495 3774 usque
516 3685 782 3768 Chersonesum,
805 3697 839 3752 et
856 3684 904 3756 ibt
922 3689 959 3749 in
990 3683 1057 3750 fine

59 3791 222 3879 Europes
240 3793 410 3876 mergitur.

450 3963 659 3987 ——a-h-
