2764 5182
314 441 387 519 ‘54

335 650 375 704 ut
393 649 510 704 cuncta
531 636 809 726 comprehendas,
838 638 990 724 innigro
1011 642 1159 714 montes,
1186 637 1223 700 in
1246 633 1324 706 albo
1368 651 1369 712 ξ

335 739 505 830 planities,
527 745 562 804 in
576 740 674 806 viridi
691 739 796 829 aquae
810 737 1004 826 panduntur
1016 734 1202 804 manifeste.

816 1090 852 1162 1.

316 1263 327 1273 ’“
340 1233 465 1332 Insula
488 1267 585 1346 haec',
615 1288 699 1354 quae
725 1271 820 1354 prius
850 1265 1057 1343 ostendetur,
1096 1266 1251 1350 Corcyra
1273 1264 1323 1329 vel

319 1361 322 1371 ¹
340 1357 500 1460 ¹Corcyra
514 1395 533 1438 a
545 1395 622 1460 rege
639 1373 721 1438 olim
735 1373 821 1437 dicta
836 1385 894 1452 est,
917 1395 1000 1460 quae
1013 1371 1113 1438 hodie
1133 1369 1245 1458 Corfu
1261 1393 1324 1436 no-

337 1480 493 1552 minatur,
510 1487 541 1540 et
556 1473 594 1538 C.
608 1479 665 1538 mi.
682 1479 740 1538 cir.
766 1473 896 1540 Versus
912 1485 1022 1538 autem
1036 1474 1211 1538 meridiem
1224 1495 1324 1536 mon-

319 1561 435 1646 'tuosa
455 1597 517 1663 per
537 1587 645 1640 totum
665 1587 830 1654 remanet,
857 1575 979 1664 quibus
998 1573 1168 1638 montibus
1187 1571 1321 1638 arbores

338 1673 592 1742 Valanidarum'
617 1675 869 1742 fructificantur.
927 1675 966 1742 ln
994 1673 1212 1761 Amphipoli
1246 1699 1321 1740 vero

318 1767 322 1776 ’
337 1783 572 1864 promontorio
586 1780 750 1866 oppidum
764 1781 894 1846 Sancti
907 1776 947 1844 A
949 1802 969 1841 11
973 1779 1049 1864 geli
1061 1780 1322 1842 munitissimum

339 1880 487 1962 erigitur,
497 1880 595 1965 ¹quod
609 1882 740 1967 alonge
755 1892 873 1946 nautae
887 1887 1109 1968 prospectant.
1138 1877 1195 1941 Ab
1211 1885 1323 1942 om'cn-

335 1987 372 2048 ¹te
387 1999 465 2041 vero
482 2000 587 2066 usque
612 1983 745 2070 Corsa,
770 1993 801 2046 et
818 1983 920 2059 ultra,
942 1965 984 2044 ex
998 1991 1092 2068 parte
1110 1984 1231 2043 tm‘onis
1250 1980 1322 2066 pla-

339 2081 436 2141 nities
456 2100 596 2152 amoena
610 2093 641 2151 et
653 2084 837 2148 multariun
849 2083 994 2146 habitata
1012 2087 1162 2168 gentium
1182 2081 1322 2168 amplia-

339 2187 411 2258 tur,
434 2184 514 2244 etin
529 2204 568 2248 ea
580 2183 662 2248 olim
682 2191 833 2272 Corcyra
847 2185 929 2250 urbs
944 2184 1050 2247 deleta
1070 2188 1234 2259 cernitur,
1254 2193 1323 2246 tor-

338 2281 526 2368 mentisque
543 2283 709 2350 columnis
730 2286 895 2372 ampliata.
941 2283 1139 2350 Phalarim
1156 2305 1255 2348 mons
1277 2283 1324 2347 al-

338 2385 486 2446 tissimus
500 2383 541 2446 ab
556 2406 593 2450 ea
606 2389 751 2468 videtur,
774 2375 831 2476 qui
845 2387 1038 2452 Dodoniam
1058 2383 1189 2472 sylvam
1205 2387 1241 2448 in
1255 2395 1323 2448 ter-

339 2503 377 2546 ra
398 2490 559 2569 conspicit
578 2483 685 2552 firma.
728 2487 767 2553 ln
790 2511 872 2578 qua,
898 2494 941 2552 ait
961 2483 1136 2556 Ovidius,
1158 2487 1323 2573 templum

339 2580 443 2647 fuisse
469 2584 674 2654 Dodoneum
701 2598 887 2660 inanimum
914 2587 984 2655 Iovi
1011 2609 1159 2665 sacrum,
1191 2593 1227 2651 in
1257 2613 1322 2678 quo

340 2683 422 2749 dues
444 2685 485 2751 de
508 2687 601 2753 coelo
621 2689 792 2756 columbas
811 2691 1010 2769 descendere
1027 2689 1137 2754 soiius
1157 2699 1190 2753 et
1205 2695 1322 2754 veteri-

261 2791 262 2796 ’
331 2783 402 2876 bus
425 2787 570 2859 insidere
592 2791 802 2878 quercubus,
824 2805 857 2859 et
876 2815 919 2858 ex
935 2797 981 2855 eis
1003 2789 1250 2878 postulantibus
1269 2814 1322 2856 re-

322 2893 327 2902 '
340 2910 463 2976 sponsa
477 2887 565 2956 dare.
609 2893 764 2958 Tandem
778 2917 821 2959 ex
836 2899 900 2971 eis,
921 2903 959 2955 ut
973 2898 1080 2968 aiunt,
1102 2889 1203 2956 altera
1215 2903 1322 2956 trans-

339 2988 461 3060 volavit
481 2996 518 3054 in
536 2991 707 3078 Delphos,
727 2993 883 3058 Boeotiae
899 2999 1078 3071 civitatem,
1100 3003 1132 3056 et
1150 2991 1197 3056 ibi
1212 2992 1322 3080 Apol-

338 3087 415 3153 linis
429 3089 588 3178 Delphici
601 3094 731 3160 clarum
748 3085 830 3160 'fecit
849 3095 1040 3176 oraculum3
1062 3093 1163 3158 altera
1177 3095 1221 3158 ad
1234 3093 1322 3160 Am-

337 3193 450 3254 monis
475 3190 563 3257 Iovis
589 3194 753 3282 templum
775 3200 812 3260 in
831 3193 951 3262 Africa
978 3201 1235 3282 transmigravit.
1285 3195 1321 3259 ln

338 3289 507 3356 radicibus
523 3303 634 3358 autem
647 3301 769 3360 montis
783 3296 884 3362 huius
900 3295 1058 3384 scopulus
1074 3308 1139 3375 est,
1164 3319 1266 3383 quem
1283 3299 1323 3362 ad

340 3389 594 3458 similitudinem
617 3393 741 3482 Ulyxis
767 3419 889 3463 navem
921 3396 1025 3463 fuisse
1052 3397 1167 3461 dixere
1193 3405 1324 3463 vetusti.

336 3483 449 3578 Prope
479 3514 558 3558 vero
581 3493 810 3564 Leucianam
840 3502 1112 3587 promontorium
1142 3501 1323 3589 Cassiopis

338 3591 517 3658 moenibus
539 3603 654 3665 erectis
671 3609 702 3661 et
716 3604 782 3664 iam
798 3622 817 3664 n
833 3606 947 3688 piratis
970 3591 1051 3666 olim
1065 3600 1209 3666 desolata
1230 3603 1324 3665 vide·

337 3703 411 3770 tur,
437 3699 532 3760 cuius
546 3703 582 3786 in
595 3698 761 3764 radicibus
780 3701 932 3790 planities
948 3723 1015 3766 una
1036 3723 1114 3766 oum
1126 3700 1249 3766 infecta
1261 3725 1323 3788 pa«
1370 3687 1371 3768 l

338 3791 417 3857 lude
436 3795 607 3882 probatur.
671 3799 705 3868 A
727 3801 829 3865 latere
854 3823 933 3868 vero
959 3801 1083 3867 horum
1106 3808 1323 3868 moeniorum

339 3893 477 3961 eeclesia
493 3897 611 3964 Matris
624 3899 765 3966 Domini
787 3903 827 3966 ab
848 3892 1041 3968 bominibus
1063 3908 1213 3968 usitatur
1230 3903 1324 3966 mul·

339 3997 397 4077 tis,
424 4002 480 4083 qui
503 3999 647 4066 exauditi
669 4008 891 4090 repatriantur
917 4004 1047 4084 hilares.
1095 4001 1154 4070 Ad
1177 4009 1325 4078 trionem
