2742 5182
271 423 336 500 ω

283 615 545 707 Hieroeolymn
567 621 783 684 moriturum
829 613 891 686 ill·
912 626 1025 686 aulen
1045 616 1280 706 Cephnlouiae

283 720 477 797 deveniens,
503 729 543 784 ut
561 719 690 786 dictrrm
709 729 780 814 ert,
802 717 846 788 od
866 715 953 788 hone
978 719 1158 806 applicavit
1178 727 1279 788 insu-

282 821 361 888 lam*
374 831 422 899 et,
443 831 599 906 aegrotus
619 825 656 884 in
676 819 771 899 loco,
791 831 831 884 nt
845 820 973 886 audivit
993 844 1121 888 nomen
1142 823 1278 888 innrlao

281 921 496 992 Hieweolem
509 927 709 1010 nuncupari,
727 927 844 1010 peuois
859 928 1042 1009 exspiravit
1058 923 1189 990 diebus.
1216 921 1278 990 Ad

281 1029 429 1090 trionem
449 1045 530 1112 ergo
548 1023 649 1112 plone
661 1027 861 1113 poecnieqne
875 1025 1013 1091 ruribus
1031 1025 1194 1114 opulento
1213 1047 1279 1114 ep-

281 1137 388 1215 peret.
428 1122 489 1190 Ad
501 1131 664 1190 orientem
677 1147 757 1190 vero
769 1135 906 1211 portus,
926 1124 1049 1194 Nocte
1063 1127 1193 1205 dictus,
1215 1139 1277 1204 est,

284 1247 355 1318 qno
374 1247 490 1294 eornm
513 1232 551 1292 in
573 1245 692 1312 compo
713 1227 806 1293 loeus
825 1230 910 1312 picis
932 1227 1078 1315 liquidae
1096 1239 1215 1305 restat,
1238 1233 1277 1294 in

283 1349 353 1417 qno
371 1327 451 1405 boo,
472 1338 619 1414 punctus
640 1349 660 1392 o
680 1349 799 1393 musca
814 1328 931 1392 cecidit
948 1341 980 1393 et
996 1334 1109 1395 statim
1126 1328 1278 1393 suffoca-

282 1439 338 1519 tue
352 1439 411 1494 est.
453 1429 550 1494 quta
568 1434 659 1494 enim
670 1429 763 1494 huno
779 1435 871 1494 navis
885 1439 1019 1496 onerato
1032 1429 1216 1496 Malvesioe
1237 1435 1276 1496 in

282 1543 381 1598 nocte
404 1531 600 1617 caliginose,
621 1538 728 1596 ventis
747 1537 936 1618 prosperis,
955 1535 992 1595 in
1014 1530 1133 1597 eodem
1154 1555 1275 1610 arena,

281 1633 364 1700 velis
376 1634 524 1710 tmnidie,
545 1639 652 1720 ignari
667 1637 895 1719 navigationis,
917 1639 990 1698 sine
1005 1633 1153 1699 laesione
1172 1638 1274 1698 irruit

282 1743 317 1801 ot
330 1741 379 1800 oio
392 1734 574 1800 immobilis
588 1734 704 1798 effecta
718 1744 776 1798 est.
818 1732 989 1806 Veronieo
1003 1740 1111 1813 eliam,
1131 1735 1273 1800 audiens

281 1857 409 1905 nomen
425 1835 527 1900 huius
545 1835 675 1900 insulae
689 1834 918 1913 Hierosolem,
940 1835 983 1900 ob
1002 1835 1215 1900 devotionem
1235 1840 1273 1900 in

282 1959 357 2004 eom
371 1936 517 2002 aseendit
534 1948 566 2002 et
585 1938 648 2016 ibi,
671 1947 710 2002 ut
724 1937 861 2013 dicitur,
883 1936 1057 2002 sudarium
1072 1935 1199 2001 Christi
1212 1935 1273 2002 'de-

280 2049 489 2116 monstrons,
516 2050 550 2103 et
567 2050 713 2104 mortem
734 2037 913 2102 salvatoris
937 2038 1021 2104 dum
1046 2037 1272 2124 praedicaret,

281 2142 325 2208 od
346 2141 449 2206 fidem
470 2141 586 2205 devote
605 2152 685 2206 sunt
706 2143 843 2206 reversi.
885 2135 944 2206 Ad
966 2143 1145 2215 orientem,
1167 2144 1205 2204 in
1220 2145 1271 2204 ri-

279 2265 343 2334 pn,
364 2253 403 2308 ut
421 2249 529 2319 aiunl,
552 2263 635 2306 veno
654 2242 870 2307 metallorum
890 2247 1073 2330 reperitur,
1094 2251 1126 2305 et
1139 2262 1203 2328 per
1215 2251 1271 2304 to-

280 2357 351 2411 tam
364 2343 516 2434 meridiei
530 2343 663 2431 plagam
676 2349 763 2408 inter
775 2345 951 2408 umbrosas
967 2341 1102 2407 arbores
1117 2347 1155 2405 in
1166 2363 1271 2407 mon-

280 2447 370 2513 tibus
390 2447 545 2510 elevatur.
589 2445 657 2510 Ubi
675 2447 716 2510 od
737 2448 917 2512 occiduum
936 2449 1087 2511 venimus
1102 2443 1271 2506 Piloros·

281 2561 350 2641 que
375 2545 505 2612 Sancti
525 2545 679 2614 Nicolai
706 2554 797 2636 porti
822 2548 1042 2613 includuntur
1069 2549 1203 2632 optimi,
1235 2555 1270 2608 et

280 2651 463 2716 salinorum
483 2648 604 2736 planus
626 2671 737 2738 prope
757 2655 915 2739 aperitur.
964 2645 1022 2713 Ad
1039 2651 1186 2710 trionem
1206 2643 1269 2709 (le-

262 2760 381 2844 nique
397 2772 505 2840 prope
524 2751 674 2818 medium
690 2757 803 2818 civitas
822 2755 981 2837 insurgit,
1003 2769 1088 2837 quoe
1103 2770 1123 2812 n
1137 2758 1268 2812 terrae-

278 2863 377 2924 motis
402 2877 500 2944 saepe
522 2855 628 2920 deleto
649 2867 708 2920 est.
766 2854 883 2943 Ibique
908 2854 1040 2918 ducisse
1067 2860 1205 2914 meeum
1228 2854 1268 2913 in

278 2965 439 3049 progenie
470 2955 599 3043 sepulto
623 2963 716 3020 iacet.
782 2955 902 3019 Ambit
927 2959 1067 3040 insuper
1091 2951 1170 3017 LX.
1190 2957 1268 3028 mi,

279 3063 355 3126 i'e're
369 3061 460 3124 bono
479 3069 578 3145 etque
595 3056 750 3145 placabili
763 3055 979 3120 delectatione
995 3060 1148 3120 omnium
1167 3049 1269 3118 habi-

276 3168 429 3230 nntium.

327 3323 334 3337 ‘
385 3313 581 3400 Virgilius:

321 3483 346 3516 „
355 3437 423 3500 loni
438 3437 539 3498 medio
552 3448 683 3520 apparet
690 3436 802 3514 fluctu
818 3455 977 3498 nemoroso
990 3431 1168 3498 lacinthus.
1175 3429 1201 3499 ’ἶ
