<?xml version="1.0" encoding="UTF-8"?>
<!DOCTYPE html PUBLIC "-//W3C//DTD XHTML 1.0 Transitional//EN"
    "http://www.w3.org/TR/xhtml1/DTD/xhtml1-transitional.dtd">
<html xmlns="http://www.w3.org/1999/xhtml" xml:lang="en" lang="en">
 <head>
  <title>
</title>
<meta http-equiv="Content-Type" content="text/html;charset=utf-8" />
  <meta name='ocr-system' content='tesseract 3.04.00' />
  <meta name='ocr-capabilities' content='ocr_page ocr_carea ocr_par ocr_line ocrx_word'/>
</head>
<body>
  <div class='ocr_page' id='page_1' title='image "./christophbondel00buongoog_0093.png"; bbox 0 0 2742 5182; ppageno 0'>
   <div class='ocr_carea' id='block_1_1' title="bbox 318 494 372 570">
    <p class='ocr_par' dir='ltr' id='par_1_1' title="bbox 318 494 372 570">
     <span class='ocr_line' id='line_1_1' title="bbox 318 494 372 570; baseline 0 0"><span class='ocrx_word' id='word_1_1' title='bbox 318 494 372 570; x_wconf 75' lang='lat'><strong>84</strong></span> 
     </span>
    </p>
   </div>
   <div class='ocr_carea' id='block_1_2' title="bbox 314 685 1362 2390">
    <p class='ocr_par' dir='ltr' id='par_1_2' title="bbox 314 685 1362 2390">
     <span class='ocr_line' id='line_1_2' title="bbox 319 685 1305 776; baseline -0.003 -19"><span class='ocrx_word' id='word_1_2' title='bbox 319 710 366 758; x_wconf 74' lang='lat' dir='ltr'><strong>so</strong></span> <span class='ocrx_word' id='word_1_3' title='bbox 382 690 548 756; x_wconf 70' lang='lat' dir='ltr'><strong>volitante.</strong></span> <span class='ocrx_word' id='word_1_4' title='bbox 590 687 717 776; x_wconf 87' lang='lat' dir='ltr'>Apollo</span> <span class='ocrx_word' id='word_1_5' title='bbox 733 685 1047 776; x_wconf 72' lang='lat' dir='ltr'><strong>soluntemretotur,</strong></span> <span class='ocrx_word' id='word_1_6' title='bbox 1067 705 1155 776; x_wconf 85' lang='lat' dir='ltr'><strong>puer</strong></span> <span class='ocrx_word' id='word_1_7' title='bbox 1174 692 1214 752; x_wconf 84' lang='lat' dir='ltr'><strong>tn</strong></span> <span class='ocrx_word' id='word_1_8' title='bbox 1231 709 1305 754; x_wconf 84' lang='lat' dir='ltr'><strong>me·</strong></span> 
     </span>
     <span class='ocr_line' id='line_1_3' title="bbox 322 790 1305 877; baseline -0.005 -17"><span class='ocrx_word' id='word_1_9' title='bbox 322 816 382 871; x_wconf 85' lang='lat' dir='ltr'><strong>ne,</strong></span> <span class='ocrx_word' id='word_1_10' title='bbox 403 796 455 856; x_wconf 85' lang='lat' dir='ltr'><strong>vir</strong></span> <span class='ocrx_word' id='word_1_11' title='bbox 468 796 505 855; x_wconf 89' lang='lat' dir='ltr'><strong>in</strong></span> <span class='ocrx_word' id='word_1_12' title='bbox 517 790 673 869; x_wconf 87' lang='lat' dir='ltr'><strong>meridie,</strong></span> <span class='ocrx_word' id='word_1_13' title='bbox 693 811 796 855; x_wconf 83' lang='lat' dir='ltr'><strong>senex</strong></span> <span class='ocrx_word' id='word_1_14' title='bbox 807 795 844 854; x_wconf 91' lang='lat' dir='ltr'><strong>in</strong></span> <span class='ocrx_word' id='word_1_15' title='bbox 861 811 952 869; x_wconf 86' lang='lat' dir='ltr'><strong>sero,</strong></span> <span class='ocrx_word' id='word_1_16' title='bbox 975 794 1053 877; x_wconf 88' lang='lat' dir='ltr'><strong>quia</strong></span> <span class='ocrx_word' id='word_1_17' title='bbox 1067 790 1184 877; x_wconf 67' lang='lat' dir='ltr'><strong>pellet,</strong></span> <span class='ocrx_word' id='word_1_18' title='bbox 1208 813 1305 855; x_wconf 79' lang='lat' dir='ltr'><strong>arcus</strong></span> 
     </span>
     <span class='ocr_line' id='line_1_4' title="bbox 321 890 1307 980; baseline -0.003 -21"><span class='ocrx_word' id='word_1_19' title='bbox 321 904 355 959; x_wconf 92' lang='lat' dir='ltr'><strong>et</strong></span> <span class='ocrx_word' id='word_1_20' title='bbox 375 898 521 980; x_wconf 74' lang='lat' dir='ltr'><strong>sagittas,</strong></span> <span class='ocrx_word' id='word_1_21' title='bbox 542 895 620 978; x_wconf 83' lang='lat' dir='ltr'><strong>quio</strong></span> <span class='ocrx_word' id='word_1_22' title='bbox 639 891 750 956; x_wconf 75' lang='lat' dir='ltr'><strong>radios</strong></span> <span class='ocrx_word' id='word_1_23' title='bbox 772 893 815 958; x_wconf 82' lang='lat' dir='ltr'><strong>ed</strong></span> <span class='ocrx_word' id='word_1_24' title='bbox 835 913 898 956; x_wconf 87' lang='lat' dir='ltr'><strong>nos</strong></span> <span class='ocrx_word' id='word_1_25' title='bbox 918 897 1036 970; x_wconf 69' lang='lat' dir='ltr'><strong>mittit,</strong></span> <span class='ocrx_word' id='word_1_26' title='bbox 1055 890 1204 971; x_wconf 78' lang='lat' dir='ltr'><strong>eithara,</strong></span> <span class='ocrx_word' id='word_1_27' title='bbox 1216 897 1307 979; x_wconf 80' lang='lat' dir='ltr'><strong>-quie</strong></span> 
     </span>
     <span class='ocr_line' id='line_1_5' title="bbox 321 991 1306 1078; baseline -0.006 -18"><span class='ocrx_word' id='word_1_28' title='bbox 321 991 494 1060; x_wconf 82' lang='lat' dir='ltr'><strong>mollificat</strong></span> <span class='ocrx_word' id='word_1_29' title='bbox 520 997 620 1056; x_wconf 78' lang='lat' dir='ltr'><strong>sonos</strong></span> <span class='ocrx_word' id='word_1_30' title='bbox 648 997 749 1056; x_wconf 88' lang='lat' dir='ltr'><strong>totius</strong></span> <span class='ocrx_word' id='word_1_31' title='bbox 773 993 923 1057; x_wconf 81' lang='lat' dir='ltr'><strong>coelestis</strong></span> <span class='ocrx_word' id='word_1_32' title='bbox 944 991 1124 1072; x_wconf 66' lang='lat' dir='ltr'><strong>melodiae,</strong></span> <span class='ocrx_word' id='word_1_33' title='bbox 1140 994 1306 1078; x_wconf 78' lang='lat' dir='ltr'><strong>tripode,</strong></span> 
     </span>
     <span class='ocr_line' id='line_1_6' title="bbox 322 1091 1308 1184; baseline -0.004 -24"><span class='ocrx_word' id='word_1_34' title='bbox 322 1101 401 1184; x_wconf 85' lang='lat' dir='ltr'><strong>quie</strong></span> <span class='ocrx_word' id='word_1_35' title='bbox 418 1099 483 1158; x_wconf 82' lang='lat' dir='ltr'><strong>tria</strong></span> <span class='ocrx_word' id='word_1_36' title='bbox 498 1091 673 1170; x_wconf 84' lang='lat' dir='ltr'><strong>beneficia,</strong></span> <span class='ocrx_word' id='word_1_37' title='bbox 696 1093 926 1179; x_wconf 81' lang='lat' dir='ltr'><strong>splendorem,</strong></span> <span class='ocrx_word' id='word_1_38' title='bbox 949 1093 1096 1158; x_wconf 81' lang='lat' dir='ltr'><strong>calorem</strong></span> <span class='ocrx_word' id='word_1_39' title='bbox 1115 1103 1147 1156; x_wconf 82' lang='lat' dir='ltr'><strong>et</strong></span> <span class='ocrx_word' id='word_1_40' title='bbox 1164 1097 1308 1156; x_wconf 81' lang='lat' dir='ltr'><strong>interio-</strong></span> 
     </span>
     <span class='ocr_line' id='line_1_7' title="bbox 321 1193 1362 1280; baseline -0.013 -16"><span class='ocrx_word' id='word_1_41' title='bbox 321 1217 395 1264; x_wconf 85' lang='lat' dir='ltr'><strong>rem</strong></span> <span class='ocrx_word' id='word_1_42' title='bbox 413 1199 580 1280; x_wconf 80' lang='lat' dir='ltr'><strong>vigorem,</strong></span> <span class='ocrx_word' id='word_1_43' title='bbox 608 1213 692 1278; x_wconf 80' lang='lat' dir='ltr'><strong>quae</strong></span> <span class='ocrx_word' id='word_1_44' title='bbox 711 1198 747 1256; x_wconf 89' lang='lat' dir='ltr'><strong>in</strong></span> <span class='ocrx_word' id='word_1_45' title='bbox 766 1198 893 1258; x_wconf 83' lang='lat' dir='ltr'><strong>eunctis</strong></span> <span class='ocrx_word' id='word_1_46' title='bbox 921 1193 1107 1258; x_wconf 80' lang='lat' dir='ltr'><strong>viventibus</strong></span> <span class='ocrx_word' id='word_1_47' title='bbox 1128 1203 1307 1279; x_wconf 62' lang='lat' dir='ltr'><strong>operatum</strong></span> <span class='ocrx_word' id='word_1_48' title='bbox 1361 1245 1362 1250; x_wconf 73' lang='grc'>,</span> 
     </span>
     <span class='ocr_line' id='line_1_8' title="bbox 321 1293 1308 1380; baseline -0.01 -14"><span class='ocrx_word' id='word_1_49' title='bbox 321 1305 514 1366; x_wconf 79' lang='lat' dir='ltr'><strong>monstmm</strong></span> <span class='ocrx_word' id='word_1_50' title='bbox 530 1299 634 1358; x_wconf 80' lang='lat' dir='ltr'><strong>trium</strong></span> <span class='ocrx_word' id='word_1_51' title='bbox 649 1299 804 1379; x_wconf 83' lang='lat' dir='ltr'><strong>capitum,</strong></span> <span class='ocrx_word' id='word_1_52' title='bbox 822 1304 972 1380; x_wconf 75' lang='lat' dir='ltr'><strong>tempure</strong></span> <span class='ocrx_word' id='word_1_53' title='bbox 992 1299 1082 1358; x_wconf 83' lang='lat' dir='ltr'><strong>cenis</strong></span> <span class='ocrx_word' id='word_1_54' title='bbox 1095 1293 1308 1374; x_wconf 78' lang='lat' dir='ltr'><strong>blandientis,</strong></span> 
     </span>
     <span class='ocr_line' id='line_1_9' title="bbox 320 1393 1308 1483; baseline -0.004 -20"><span class='ocrx_word' id='word_1_55' title='bbox 320 1410 453 1483; x_wconf 85' lang='lat' dir='ltr'><strong>tempus</strong></span> <span class='ocrx_word' id='word_1_56' title='bbox 472 1393 642 1471; x_wconf 84' lang='lat' dir='ltr'><strong>futurum,</strong></span> <span class='ocrx_word' id='word_1_57' title='bbox 667 1399 744 1480; x_wconf 85' lang='lat' dir='ltr'><strong>quie</strong></span> <span class='ocrx_word' id='word_1_58' title='bbox 765 1415 898 1479; x_wconf 83' lang='lat' dir='ltr'><strong>semper</strong></span> <span class='ocrx_word' id='word_1_59' title='bbox 917 1411 980 1480; x_wconf 83' lang='lat' dir='ltr'><strong>per</strong></span> <span class='ocrx_word' id='word_1_60' title='bbox 998 1415 1092 1481; x_wconf 87' lang='lat' dir='ltr'><strong>spem</strong></span> <span class='ocrx_word' id='word_1_61' title='bbox 1110 1393 1308 1459; x_wconf 77' lang='lat' dir='ltr'><strong>futurorum</strong></span> 
     </span>
     <span class='ocr_line' id='line_1_10' title="bbox 320 1493 1308 1582; baseline -0.003 -19"><span class='ocrx_word' id='word_1_62' title='bbox 320 1497 451 1564; x_wconf 85' lang='lat' dir='ltr'><strong>homini</strong></span> <span class='ocrx_word' id='word_1_63' title='bbox 464 1493 649 1558; x_wconf 74' lang='lat' dir='ltr'><strong>blanditur:</strong></span> <span class='ocrx_word' id='word_1_64' title='bbox 671 1494 792 1579; x_wconf 87' lang='lat' dir='ltr'><strong>lupus,</strong></span> <span class='ocrx_word' id='word_1_65' title='bbox 810 1504 944 1581; x_wconf 89' lang='lat' dir='ltr'><strong>tempus</strong></span> <span class='ocrx_word' id='word_1_66' title='bbox 960 1501 1193 1580; x_wconf 85' lang='lat' dir='ltr'><strong>praeteritum,</strong></span> <span class='ocrx_word' id='word_1_67' title='bbox 1216 1495 1308 1582; x_wconf 88' lang='lat' dir='ltr'><strong>quod</strong></span> 
     </span>
     <span class='ocr_line' id='line_1_11' title="bbox 320 1593 1308 1688; baseline -0.006 -22"><span class='ocrx_word' id='word_1_68' title='bbox 320 1603 426 1666; x_wconf 87' lang='lat' dir='ltr'><strong>moris</strong></span> <span class='ocrx_word' id='word_1_69' title='bbox 439 1596 513 1688; x_wconf 88' lang='lat' dir='ltr'><strong>lupi</strong></span> <span class='ocrx_word' id='word_1_70' title='bbox 527 1599 615 1681; x_wconf 86' lang='lat' dir='ltr'><strong>oepit</strong></span> <span class='ocrx_word' id='word_1_71' title='bbox 630 1605 662 1658; x_wconf 88' lang='lat' dir='ltr'><strong>et</strong></span> <span class='ocrx_word' id='word_1_72' title='bbox 673 1593 775 1680; x_wconf 73' lang='lat' dir='ltr'><strong>sugite</strong></span> <span class='ocrx_word' id='word_1_73' title='bbox 798 1594 862 1674; x_wconf 91' lang='lat' dir='ltr'><strong>leo,</strong></span> <span class='ocrx_word' id='word_1_74' title='bbox 882 1605 1014 1681; x_wconf 87' lang='lat' dir='ltr'><strong>tempus</strong></span> <span class='ocrx_word' id='word_1_75' title='bbox 1026 1617 1195 1682; x_wconf 83' lang='lat' dir='ltr'><strong>praesens,</strong></span> <span class='ocrx_word' id='word_1_76' title='bbox 1216 1596 1308 1682; x_wconf 88' lang='lat' dir='ltr'><strong>quod</strong></span> 
     </span>
     <span class='ocr_line' id='line_1_12' title="bbox 321 1695 1308 1782; baseline -0.006 -16"><span class='ocrx_word' id='word_1_77' title='bbox 321 1711 385 1766; x_wconf 81' lang='lat' dir='ltr'><strong>stat</strong></span> <span class='ocrx_word' id='word_1_78' title='bbox 410 1709 442 1764; x_wconf 90' lang='lat' dir='ltr'><strong>et</strong></span> <span class='ocrx_word' id='word_1_79' title='bbox 468 1697 584 1782; x_wconf 83' lang='lat' dir='ltr'><strong>fugere</strong></span> <span class='ocrx_word' id='word_1_80' title='bbox 606 1716 677 1759; x_wconf 87' lang='lat' dir='ltr'><strong>non</strong></span> <span class='ocrx_word' id='word_1_81' title='bbox 697 1695 868 1780; x_wconf 63' lang='lat' dir='ltr'><strong>dignam,</strong></span> <span class='ocrx_word' id='word_1_82' title='bbox 899 1695 1033 1774; x_wconf 72' lang='lat' dir='ltr'><strong>lomus,</strong></span> <span class='ocrx_word' id='word_1_83' title='bbox 1061 1699 1138 1782; x_wconf 85' lang='lat' dir='ltr'><strong>quie</strong></span> <span class='ocrx_word' id='word_1_84' title='bbox 1158 1701 1255 1782; x_wconf 85' lang='lat' dir='ltr'><strong>virga</strong></span> <span class='ocrx_word' id='word_1_85' title='bbox 1274 1702 1308 1760; x_wconf 90' lang='lat' dir='ltr'><strong>in</strong></span> 
     </span>
     <span class='ocr_line' id='line_1_13' title="bbox 321 1795 1307 1882; baseline -0.003 -16"><span class='ocrx_word' id='word_1_86' title='bbox 321 1811 441 1866; x_wconf 79' lang='lat' dir='ltr'><strong>aestate</strong></span> <span class='ocrx_word' id='word_1_87' title='bbox 455 1798 562 1862; x_wconf 83' lang='lat' dir='ltr'><strong>duret.</strong></span> <span class='ocrx_word' id='word_1_88' title='bbox 586 1829 627 1846; x_wconf 90' lang='lat'><strong>-·</strong></span> <span class='ocrx_word' id='word_1_89' title='bbox 670 1795 773 1858; x_wconf 88' lang='lat' dir='ltr'><strong>Nunc</strong></span> <span class='ocrx_word' id='word_1_90' title='bbox 789 1816 879 1881; x_wconf 87' lang='lat' dir='ltr'><strong>ergo,</strong></span> <span class='ocrx_word' id='word_1_91' title='bbox 901 1806 1005 1882; x_wconf 76' lang='lat' dir='ltr'><strong>peter,</strong></span> <span class='ocrx_word' id='word_1_92' title='bbox 1029 1795 1121 1882; x_wconf 91' lang='lat' dir='ltr'><strong>quod</strong></span> <span class='ocrx_word' id='word_1_93' title='bbox 1135 1801 1229 1860; x_wconf 87' lang='lat' dir='ltr'><strong>sitin</strong></span> <span class='ocrx_word' id='word_1_94' title='bbox 1245 1796 1307 1864; x_wconf 84' lang='lat' dir='ltr'><strong>hec</strong></span> 
     </span>
     <span class='ocr_line' id='line_1_14' title="bbox 319 1895 1308 1988; baseline -0.007 -20"><span class='ocrx_word' id='word_1_95' title='bbox 319 1899 430 1968; x_wconf 85' lang='lat' dir='ltr'><strong>insule</strong></span> <span class='ocrx_word' id='word_1_96' title='bbox 447 1902 513 1964; x_wconf 87' lang='lat' dir='ltr'><strong>nisi</strong></span> <span class='ocrx_word' id='word_1_97' title='bbox 533 1895 717 1973; x_wconf 80' lang='lat' dir='ltr'><strong>calamites,</strong></span> <span class='ocrx_word' id='word_1_98' title='bbox 740 1906 868 1959; x_wconf 85' lang='lat' dir='ltr'><strong>certum</strong></span> <span class='ocrx_word' id='word_1_99' title='bbox 883 1905 951 1972; x_wconf 86' lang='lat' dir='ltr'><strong>est,</strong></span> <span class='ocrx_word' id='word_1_100' title='bbox 971 1903 1049 1988; x_wconf 57' lang='lat' dir='ltr'><strong>eum</strong></span> <span class='ocrx_word' id='word_1_101' title='bbox 1062 1906 1194 1984; x_wconf 88' lang='lat' dir='ltr'><strong>tempus</strong></span> <span class='ocrx_word' id='word_1_102' title='bbox 1211 1907 1244 1959; x_wconf 83' lang='lat' dir='ltr'><strong>et</strong></span> <span class='ocrx_word' id='word_1_103' title='bbox 1258 1903 1308 1961; x_wconf 82' lang='lat' dir='ltr'><strong>vi-</strong></span> 
     </span>
     <span class='ocr_line' id='line_1_15' title="bbox 319 1995 1308 2087; baseline -0.006 -19"><span class='ocrx_word' id='word_1_104' title='bbox 319 2014 389 2068; x_wconf 81' lang='lat' dir='ltr'><strong>tem</strong></span> <span class='ocrx_word' id='word_1_105' title='bbox 402 2012 563 2087; x_wconf 78' lang='lat' dir='ltr'><strong>tanquam</strong></span> <span class='ocrx_word' id='word_1_106' title='bbox 584 1997 627 2061; x_wconf 86' lang='lat' dir='ltr'><strong>ed</strong></span> <span class='ocrx_word' id='word_1_107' title='bbox 645 1995 810 2061; x_wconf 78' lang='lat' dir='ltr'><strong>brutalem</strong></span> <span class='ocrx_word' id='word_1_108' title='bbox 828 2008 1077 2084; x_wconf 87' lang='lat' dir='ltr'><strong>persequuntur</strong></span> <span class='ocrx_word' id='word_1_109' title='bbox 1091 1997 1253 2076; x_wconf 89' lang='lat' dir='ltr'><strong>modum,</strong></span> <span class='ocrx_word' id='word_1_110' title='bbox 1276 2009 1308 2062; x_wconf 85' lang='lat' dir='ltr'><strong>et</strong></span> 
     </span>
     <span class='ocr_line' id='line_1_16' title="bbox 320 2099 1306 2190; baseline -0.004 -24"><span class='ocrx_word' id='word_1_111' title='bbox 320 2101 411 2190; x_wconf 87' lang='lat' dir='ltr'><strong>quod</strong></span> <span class='ocrx_word' id='word_1_112' title='bbox 425 2100 501 2187; x_wconf 87' lang='lat' dir='ltr'><strong>plus</strong></span> <span class='ocrx_word' id='word_1_113' title='bbox 517 2109 635 2175; x_wconf 79' lang='lat' dir='ltr'><strong>exstet,</strong></span> <span class='ocrx_word' id='word_1_114' title='bbox 660 2099 713 2160; x_wconf 87' lang='lat' dir='ltr'><strong>die</strong></span> <span class='ocrx_word' id='word_1_115' title='bbox 739 2119 777 2160; x_wconf 83' lang='lat' dir='ltr'><strong>oo</strong></span> <span class='ocrx_word' id='word_1_116' title='bbox 798 2109 911 2176; x_wconf 89' lang='lat' dir='ltr'><strong>noete,</strong></span> <span class='ocrx_word' id='word_1_117' title='bbox 934 2108 1078 2162; x_wconf 80' lang='lat' dir='ltr'><strong>tremore</strong></span> <span class='ocrx_word' id='word_1_118' title='bbox 1098 2119 1242 2183; x_wconf 75' lang='lat' dir='ltr'><strong>magno,</strong></span> <span class='ocrx_word' id='word_1_119' title='bbox 1265 2121 1306 2162; x_wconf 89' lang='lat' dir='ltr'><strong>ne</strong></span> 
     </span>
     <span class='ocr_line' id='line_1_17' title="bbox 314 2195 1307 2285; baseline -0.001 -19"><span class='ocrx_word' id='word_1_120' title='bbox 314 2206 355 2266; x_wconf 86' lang='lat' dir='ltr'><strong>&#39;in</strong></span> <span class='ocrx_word' id='word_1_121' title='bbox 369 2199 523 2264; x_wconf 82' lang='lat' dir='ltr'><strong>menibus</strong></span> <span class='ocrx_word' id='word_1_122' title='bbox 537 2203 731 2285; x_wconf 81' lang='lat' dir='ltr'><strong>perveniant</strong></span> <span class='ocrx_word' id='word_1_123' title='bbox 745 2195 948 2279; x_wconf 86' lang='lat' dir='ltr'><strong>infidelium,</strong></span> <span class='ocrx_word' id='word_1_124' title='bbox 969 2198 1110 2278; x_wconf 80' lang='lat' dir='ltr'><strong>tremuli</strong></span> <span class='ocrx_word' id='word_1_125' title='bbox 1125 2221 1234 2264; x_wconf 83' lang='lat' dir='ltr'><strong>annos</strong></span> <span class='ocrx_word' id='word_1_126' title='bbox 1256 2199 1307 2265; x_wconf 84' lang='lat' dir='ltr'><strong>fe-</strong></span> 
     </span>
     <span class='ocr_line' id='line_1_18' title="bbox 318 2305 737 2390; baseline -0.014 -22"><span class='ocrx_word' id='word_1_127' title='bbox 318 2305 422 2390; x_wconf 81' lang='lat' dir='ltr'><strong>tigent</strong></span> <span class='ocrx_word' id='word_1_128' title='bbox 434 2321 630 2366; x_wconf 82' lang='lat' dir='ltr'><strong>consumere</strong></span> <span class='ocrx_word' id='word_1_129' title='bbox 647 2320 737 2364; x_wconf 86' lang='lat' dir='ltr'><strong>suos.</strong></span> 
     </span>
    </p>
   </div>
   <div class='ocr_carea' id='block_1_3' title="bbox 700 2473 910 2494">
    <p class='ocr_par' dir='ltr' id='par_1_3' title="bbox 700 2473 910 2494">
     <span class='ocr_line' id='line_1_19' title="bbox 700 2473 910 2494; baseline 0.01 -2"><span class='ocrx_word' id='word_1_130' title='bbox 700 2473 910 2494; x_wconf 52' lang='lat' dir='ltr'><em>m</em></span> 
     </span>
    </p>
   </div>
   <div class='ocr_carea' id='block_1_4' title="bbox 779 2658 845 2731">
    <p class='ocr_par' dir='ltr' id='par_1_4' title="bbox 779 2658 845 2731">
     <span class='ocr_line' id='line_1_20' title="bbox 779 2658 845 2731; baseline -0.045 0"><span class='ocrx_word' id='word_1_131' title='bbox 779 2658 845 2731; x_wconf 73' lang='lat'><strong>26.</strong></span> 
     </span>
    </p>
   </div>
   <div class='ocr_carea' id='block_1_5' title="bbox 308 2777 1361 4120">
    <p class='ocr_par' dir='ltr' id='par_1_5' title="bbox 308 2777 1361 4148">
     <span class='ocr_line' id='line_1_21' title="bbox 316 2777 1308 2904; baseline 0.005 -21"><span class='ocrx_word' id='word_1_132' title='bbox 316 2777 403 2896; x_wconf 78' lang='lat' dir='ltr'><strong>Est</strong></span> <span class='ocrx_word' id='word_1_133' title='bbox 415 2823 514 2886; x_wconf 85' lang='lat' dir='ltr'><strong>etiem</strong></span> <span class='ocrx_word' id='word_1_134' title='bbox 527 2826 604 2904; x_wconf 88' lang='lat' dir='ltr'><strong>post</strong></span> <span class='ocrx_word' id='word_1_135' title='bbox 617 2815 841 2903; x_wconf 79' lang='lat' dir='ltr'><strong>supradictam</strong></span> <span class='ocrx_word' id='word_1_136' title='bbox 861 2815 1029 2882; x_wconf 81' lang='lat' dir='ltr'><strong>Thermia</strong></span> <span class='ocrx_word' id='word_1_137' title='bbox 1044 2830 1256 2904; x_wconf 76' lang='lat' dir='ltr'><strong>nuncupate,</strong></span> <span class='ocrx_word' id='word_1_138' title='bbox 1276 2833 1308 2888; x_wconf 79' lang='lat' dir='ltr'><strong>et</strong></span> 
     </span>
     <span class='ocr_line' id='line_1_22' title="bbox 318 2917 1308 3006; baseline -0.002 -20"><span class='ocrx_word' id='word_1_139' title='bbox 318 2923 439 2996; x_wconf 83' lang='lat' dir='ltr'><strong>dicitur</strong></span> <span class='ocrx_word' id='word_1_140' title='bbox 459 2920 640 2990; x_wconf 76' lang='lat' dir='ltr'><strong>ethermoi</strong></span> <span class='ocrx_word' id='word_1_141' title='bbox 652 2937 786 3002; x_wconf 79' lang='lat' dir='ltr'><strong>graece,</strong></span> <span class='ocrx_word' id='word_1_142' title='bbox 806 2917 909 2982; x_wconf 81' lang='lat' dir='ltr'><strong>latine</strong></span> <span class='ocrx_word' id='word_1_143' title='bbox 929 2919 1102 3006; x_wconf 82' lang='lat' dir='ltr'><strong>tepidum.</strong></span> <span class='ocrx_word' id='word_1_144' title='bbox 1143 2919 1189 2984; x_wconf 87' lang='lat' dir='ltr'><strong>Et</strong></span> <span class='ocrx_word' id='word_1_145' title='bbox 1204 2945 1308 2994; x_wconf 84' lang='lat' dir='ltr'><strong>mon-</strong></span> 
     </span>
     <span class='ocr_line' id='line_1_23' title="bbox 316 3015 1307 3089; baseline 0.001 -2"><span class='ocrx_word' id='word_1_146' title='bbox 316 3033 413 3087; x_wconf 82' lang='lat' dir='ltr'><strong>tuosa</strong></span> <span class='ocrx_word' id='word_1_147' title='bbox 432 3019 526 3084; x_wconf 81' lang='lat' dir='ltr'><strong>vnlde</strong></span> <span class='ocrx_word' id='word_1_148' title='bbox 545 3029 576 3082; x_wconf 88' lang='lat' dir='ltr'><strong>et</strong></span> <span class='ocrx_word' id='word_1_149' title='bbox 588 3017 666 3082; x_wconf 86' lang='lat' dir='ltr'><strong>XL.</strong></span> <span class='ocrx_word' id='word_1_150' title='bbox 681 3022 739 3080; x_wconf 86' lang='lat' dir='ltr'><strong>eir.</strong></span> <span class='ocrx_word' id='word_1_151' title='bbox 755 3022 815 3082; x_wconf 91' lang='lat' dir='ltr'><strong>mi.</strong></span> <span class='ocrx_word' id='word_1_152' title='bbox 856 3015 915 3080; x_wconf 89' lang='lat' dir='ltr'><strong>Ad</strong></span> <span class='ocrx_word' id='word_1_153' title='bbox 939 3023 1102 3084; x_wconf 82' lang='lat' dir='ltr'><strong>orientem</strong></span> <span class='ocrx_word' id='word_1_154' title='bbox 1121 3043 1202 3086; x_wconf 87' lang='lat' dir='ltr'><strong>vero</strong></span> <span class='ocrx_word' id='word_1_155' title='bbox 1219 3024 1307 3089; x_wconf 81' lang='lat' dir='ltr'><strong>Sen-</strong></span> 
     </span>
     <span class='ocr_line' id='line_1_24' title="bbox 316 3116 1361 3210; baseline 0.005 -26"><span class='ocrx_word' id='word_1_156' title='bbox 316 3133 368 3197; x_wconf 78' lang='lat' dir='ltr'><strong>etn</strong></span> <span class='ocrx_word' id='word_1_157' title='bbox 380 3120 524 3184; x_wconf 82' lang='lat' dir='ltr'><strong>Helena</strong></span> <span class='ocrx_word' id='word_1_158' title='bbox 539 3122 702 3194; x_wconf 85' lang='lat' dir='ltr'><strong>cernitur,</strong></span> <span class='ocrx_word' id='word_1_159' title='bbox 722 3117 781 3182; x_wconf 88' lang='lat' dir='ltr'><strong>ubi</strong></span> <span class='ocrx_word' id='word_1_160' title='bbox 796 3116 917 3203; x_wconf 82' lang='lat' dir='ltr'><strong>planus</strong></span> <span class='ocrx_word' id='word_1_161' title='bbox 931 3127 1035 3196; x_wconf 75' lang='lat' dir='ltr'><strong>extet,</strong></span> <span class='ocrx_word' id='word_1_162' title='bbox 1058 3143 1125 3206; x_wconf 89' lang='lat' dir='ltr'><strong>quo</strong></span> <span class='ocrx_word' id='word_1_163' title='bbox 1139 3126 1175 3184; x_wconf 90' lang='lat' dir='ltr'><strong>in</strong></span> <span class='ocrx_word' id='word_1_164' title='bbox 1196 3131 1306 3210; x_wconf 78' lang='lat' dir='ltr'><strong>capite</strong></span> <span class='ocrx_word' id='word_1_165' title='bbox 1360 3191 1361 3198; x_wconf 9' lang='grc' dir='ltr'>χ</span> 
     </span>
     <span class='ocr_line' id='line_1_25' title="bbox 321 3217 1308 3304; baseline 0.004 -18"><span class='ocrx_word' id='word_1_166' title='bbox 321 3220 490 3286; x_wconf 60' lang='lat' dir='ltr'><strong>Thermia</strong></span> <span class='ocrx_word' id='word_1_167' title='bbox 502 3221 615 3280; x_wconf 75' lang='lat' dir='ltr'><strong>civitas</strong></span> <span class='ocrx_word' id='word_1_168' title='bbox 631 3222 785 3302; x_wconf 87' lang='lat' dir='ltr'><strong>erigitur,</strong></span> <span class='ocrx_word' id='word_1_169' title='bbox 795 3245 797 3248; x_wconf 95' lang='lat'>·</span> <span class='ocrx_word' id='word_1_170' title='bbox 809 3239 910 3304; x_wconf 80' lang='lat' dir='ltr'><strong>quom</strong></span> <span class='ocrx_word' id='word_1_171' title='bbox 923 3217 1031 3282; x_wconf 84' lang='lat' dir='ltr'><strong>Turoi</strong></span> <span class='ocrx_word' id='word_1_172' title='bbox 1044 3226 1121 3298; x_wconf 83' lang='lat' dir='ltr'><strong>iem,</strong></span> <span class='ocrx_word' id='word_1_173' title='bbox 1141 3221 1189 3286; x_wconf 89' lang='lat' dir='ltr'><strong>ibi</strong></span> <span class='ocrx_word' id='word_1_174' title='bbox 1203 3243 1308 3290; x_wconf 80' lang='lat' dir='ltr'><strong>men-</strong></span> 
     </span>
     <span class='ocr_line' id='line_1_26' title="bbox 315 3317 1361 3408; baseline 0.004 -22"><span class='ocrx_word' id='word_1_175' title='bbox 315 3325 411 3408; x_wconf 89' lang='lat' dir='ltr'><strong>cipii,</strong></span> <span class='ocrx_word' id='word_1_176' title='bbox 431 3317 630 3404; x_wconf 81' lang='lat' dir='ltr'><strong>proditorie,</strong></span> <span class='ocrx_word' id='word_1_177' title='bbox 651 3322 816 3396; x_wconf 78' lang='lat' dir='ltr'><strong>innecte,</strong></span> <span class='ocrx_word' id='word_1_178' title='bbox 836 3322 939 3403; x_wconf 83' lang='lat' dir='ltr'><strong>ceptis</strong></span> <span class='ocrx_word' id='word_1_179' title='bbox 961 3319 1104 3397; x_wconf 83' lang='lat' dir='ltr'><strong>civibus,</strong></span> <span class='ocrx_word' id='word_1_180' title='bbox 1128 3320 1308 3389; x_wconf 77' lang='lat' dir='ltr'><strong>desolare·</strong></span> <span class='ocrx_word' id='word_1_181' title='bbox 1360 3381 1361 3402; x_wconf 61' lang='lat'><strong>,</strong></span> 
     </span>
     <span class='ocr_line' id='line_1_27' title="bbox 312 3415 1361 3508; baseline 0.003 -20"><span class='ocrx_word' id='word_1_182' title='bbox 312 3443 367 3502; x_wconf 69' lang='lat' dir='ltr'><strong>re,</strong></span> <span class='ocrx_word' id='word_1_183' title='bbox 392 3420 449 3486; x_wconf 89' lang='lat' dir='ltr'><strong>sed</strong></span> <span class='ocrx_word' id='word_1_184' title='bbox 469 3437 560 3482; x_wconf 89' lang='lat' dir='ltr'><strong>nuno</strong></span> <span class='ocrx_word' id='word_1_185' title='bbox 585 3417 780 3504; x_wconf 82' lang='lat' dir='ltr'><strong>repopulete</strong></span> <span class='ocrx_word' id='word_1_186' title='bbox 800 3429 858 3482; x_wconf 88' lang='lat' dir='ltr'><strong>est.</strong></span> <span class='ocrx_word' id='word_1_187' title='bbox 900 3415 958 3484; x_wconf 88' lang='lat' dir='ltr'><strong>Ad</strong></span> <span class='ocrx_word' id='word_1_188' title='bbox 985 3421 1164 3485; x_wconf 89' lang='lat' dir='ltr'><strong>occiduum</strong></span> <span class='ocrx_word' id='word_1_189' title='bbox 1187 3436 1305 3508; x_wconf 75' lang='lat' dir='ltr'><strong>nutem</strong></span> <span class='ocrx_word' id='word_1_190' title='bbox 1360 3423 1361 3464; x_wconf 56' lang='lat'>¹</span> 
     </span>
     <span class='ocr_line' id='line_1_28' title="bbox 314 3517 1304 3610; baseline 0.002 -21"><span class='ocrx_word' id='word_1_191' title='bbox 314 3533 363 3598; x_wconf 81' lang='lat' dir='ltr'><strong>est</strong></span> <span class='ocrx_word' id='word_1_192' title='bbox 382 3520 519 3586; x_wconf 83' lang='lat' dir='ltr'><strong>ecclesio</strong></span> <span class='ocrx_word' id='word_1_193' title='bbox 532 3517 643 3582; x_wconf 80' lang='lat' dir='ltr'><strong>Sancti</strong></span> <span class='ocrx_word' id='word_1_194' title='bbox 658 3519 801 3597; x_wconf 78' lang='lat' dir='ltr'><strong>Lucae,</strong></span> <span class='ocrx_word' id='word_1_195' title='bbox 822 3524 939 3610; x_wconf 83' lang='lat' dir='ltr'><strong>optimi</strong></span> <span class='ocrx_word' id='word_1_196' title='bbox 957 3517 1063 3606; x_wconf 80' lang='lat' dir='ltr'><strong>porti3</strong></span> <span class='ocrx_word' id='word_1_197' title='bbox 1087 3525 1199 3586; x_wconf 78' lang='lat' dir='ltr'><strong>civitas</strong></span> <span class='ocrx_word' id='word_1_198' title='bbox 1218 3526 1304 3592; x_wconf 90' lang='lat' dir='ltr'><strong>olim</strong></span> 
     </span>
     <span class='ocr_line' id='line_1_29' title="bbox 312 3618 1304 3707; baseline -0.004 -19"><span class='ocrx_word' id='word_1_199' title='bbox 312 3634 383 3692; x_wconf 85' lang='lat' dir='ltr'><strong>eret</strong></span> <span class='ocrx_word' id='word_1_200' title='bbox 396 3619 553 3689; x_wconf 77' lang='lat' dir='ltr'><strong>aedificiis</strong></span> <span class='ocrx_word' id='word_1_201' title='bbox 569 3619 736 3684; x_wconf 79' lang='lat' dir='ltr'><strong>adornata.</strong></span> <span class='ocrx_word' id='word_1_202' title='bbox 778 3618 818 3684; x_wconf 88' lang='lat' dir='ltr'><strong>In</strong></span> <span class='ocrx_word' id='word_1_203' title='bbox 831 3630 944 3684; x_wconf 89' lang='lat' dir='ltr'><strong>monte</strong></span> <span class='ocrx_word' id='word_1_204' title='bbox 957 3641 1055 3700; x_wconf 76' lang='lat' dir='ltr'><strong>vero,</strong></span> <span class='ocrx_word' id='word_1_205' title='bbox 1066 3628 1159 3707; x_wconf 81' lang='lat' dir='ltr'><strong>quasi</strong></span> <span class='ocrx_word' id='word_1_206' title='bbox 1174 3628 1212 3687; x_wconf 90' lang='lat' dir='ltr'><strong>in</strong></span> <span class='ocrx_word' id='word_1_207' title='bbox 1226 3647 1304 3691; x_wconf 86' lang='lat' dir='ltr'><strong>me-</strong></span> 
     </span>
     <span class='ocr_line' id='line_1_30' title="bbox 312 3721 1302 3811; baseline -0.001 -18"><span class='ocrx_word' id='word_1_208' title='bbox 312 3727 367 3793; x_wconf 87' lang='lat' dir='ltr'><strong>dio</strong></span> <span class='ocrx_word' id='word_1_209' title='bbox 385 3721 529 3798; x_wconf 77' lang='lat' dir='ltr'><strong>insulae,</strong></span> <span class='ocrx_word' id='word_1_210' title='bbox 549 3725 652 3784; x_wconf 83' lang='lat' dir='ltr'><strong>turris</strong></span> <span class='ocrx_word' id='word_1_211' title='bbox 677 3724 833 3804; x_wconf 86' lang='lat' dir='ltr'><strong>erigitur,</strong></span> <span class='ocrx_word' id='word_1_212' title='bbox 856 3743 875 3784; x_wconf 83' lang='lat' dir='ltr'>a</span> <span class='ocrx_word' id='word_1_213' title='bbox 896 3743 961 3807; x_wconf 84' lang='lat' dir='ltr'><strong>qun</strong></span> <span class='ocrx_word' id='word_1_214' title='bbox 979 3722 1109 3786; x_wconf 86' lang='lat' dir='ltr'><strong>rivulus</strong></span> <span class='ocrx_word' id='word_1_215' title='bbox 1131 3745 1302 3811; x_wconf 80' lang='lat' dir='ltr'><strong>equamm</strong></span> 
     </span>
     <span class='ocr_line' id='line_1_31' title="bbox 309 3819 1299 3914; baseline 0.004 -26"><span class='ocrx_word' id='word_1_216' title='bbox 309 3833 395 3914; x_wconf 85' lang='lat' dir='ltr'><strong>rigat</strong></span> <span class='ocrx_word' id='word_1_217' title='bbox 409 3845 516 3911; x_wconf 87' lang='lat' dir='ltr'><strong>usque</strong></span> <span class='ocrx_word' id='word_1_218' title='bbox 535 3821 643 3886; x_wconf 80' lang='lat' dir='ltr'><strong>selum</strong></span> <span class='ocrx_word' id='word_1_219' title='bbox 662 3819 878 3898; x_wconf 82' lang='lat' dir='ltr'><strong>domesticus,</strong></span> <span class='ocrx_word' id='word_1_220' title='bbox 902 3833 934 3885; x_wconf 87' lang='lat' dir='ltr'><strong>et</strong></span> <span class='ocrx_word' id='word_1_221' title='bbox 952 3821 999 3885; x_wconf 93' lang='lat' dir='ltr'><strong>ibi</strong></span> <span class='ocrx_word' id='word_1_222' title='bbox 1013 3822 1205 3908; x_wconf 83' lang='lat' dir='ltr'><strong>Apoereos</strong></span> <span class='ocrx_word' id='word_1_223' title='bbox 1218 3829 1299 3913; x_wconf 82' lang='lat' dir='ltr'><strong>ple-</strong></span> 
     </span>
     <span class='ocr_line' id='line_1_32' title="bbox 308 3921 1302 4009; baseline -0.011 -15"><span class='ocrx_word' id='word_1_224' title='bbox 308 3951 373 3994; x_wconf 87' lang='lat' dir='ltr'><strong>nus</strong></span> <span class='ocrx_word' id='word_1_225' title='bbox 395 3929 553 3990; x_wconf 78' lang='lat' dir='ltr'><strong>noscitur.</strong></span> <span class='ocrx_word' id='word_1_226' title='bbox 601 3923 645 3987; x_wconf 89' lang='lat' dir='ltr'><strong>Et</strong></span> <span class='ocrx_word' id='word_1_227' title='bbox 665 3921 708 3986; x_wconf 88' lang='lat' dir='ltr'><strong>ad</strong></span> <span class='ocrx_word' id='word_1_228' title='bbox 725 3922 900 3986; x_wconf 75' lang='lat' dir='ltr'><strong>meridiem</strong></span> <span class='ocrx_word' id='word_1_229' title='bbox 922 3927 1014 3986; x_wconf 89' lang='lat' dir='ltr'><strong>sinus</strong></span> <span class='ocrx_word' id='word_1_230' title='bbox 1040 3933 1072 3986; x_wconf 87' lang='lat' dir='ltr'><strong>et</strong></span> <span class='ocrx_word' id='word_1_231' title='bbox 1090 3924 1215 4009; x_wconf 80' lang='lat' dir='ltr'><strong>planus</strong></span> <span class='ocrx_word' id='word_1_232' title='bbox 1233 3929 1302 3992; x_wconf 83' lang='lat' dir='ltr'><strong>Pi.</strong></span> 
     </span>
     <span class='ocr_line' id='line_1_33' title="bbox 308 4021 1299 4120; baseline -0.01 -21"><span class='ocrx_word' id='word_1_233' title='bbox 308 4031 456 4120; x_wconf 69' lang='lat' dir='ltr'><strong>scopiac</strong></span> <span class='ocrx_word' id='word_1_234' title='bbox 479 4021 728 4106; x_wconf 68' lang='lat' dir='ltr'><strong>manifestuum,</strong></span> <span class='ocrx_word' id='word_1_235' title='bbox 752 4032 783 4088; x_wconf 88' lang='lat' dir='ltr'><strong>et</strong></span> <span class='ocrx_word' id='word_1_236' title='bbox 801 4023 922 4112; x_wconf 81' lang='lat' dir='ltr'><strong>plenu-s</strong></span> <span class='ocrx_word' id='word_1_237' title='bbox 944 4021 1072 4091; x_wconf 79' lang='lat' dir='ltr'><strong>Merca</strong></span> <span class='ocrx_word' id='word_1_238' title='bbox 1090 4043 1200 4116; x_wconf 86' lang='lat' dir='ltr'><strong>prope</strong></span> <span class='ocrx_word' id='word_1_239' title='bbox 1225 4038 1299 4094; x_wconf 72' lang='lat' dir='ltr'><strong>ter..</strong></span> 
     </span>
    </p>
   </div>
   <div class='ocr_carea' id='block_1_6' title="bbox 0 0 1376 5182">
    <p class='ocr_par' dir='ltr' id='par_1_6' title="bbox 0 0 1376 5182">
     <span class='ocr_line' id='line_1_34' title="bbox 0 0 1376 5182; baseline 0 1"><span class='ocrx_word' id='word_1_240' title='bbox 0 0 1376 5182; x_wconf 95' lang='lat' dir='ltr'><strong> </strong></span> 
     </span>
    </p>
   </div>
  </div>
 </body>
</html>
