2742 5182
702 619 824 694 '‘21.

301 737 387 844 Est
400 797 542 866 sequens
560 776 671 854 insula
686 776 933 852 Palicandros
947 779 1033 846 dicta
1049 783 1090 846 ab
1110 780 1214 848 herba
1235 786 1283 870 sie

296 886 472 946 ,nummata
486 901 504 946 a
518 879 638 968 morbo
654 880 778 947 caduco
793 887 934 970 optima,
955 883 1008 969 vel
1023 882 1143 946 dicitur
1160 906 1177 946 a
1189 885 1284 971 poli,

235 1025 240 1048 t
303 984 438 1050 civicos
452 992 484 1046 et
498 980 647 1052 andros,
671 982 848 1066 homines,
870 987 893 1046 i.
901 1005 928 1048 e.
943 986 1078 1048 civicas
1092 983 1283 1046 bominum

301 1083 355 1147 vel
370 1085 550 1156 virorum.
583 1080 720 1167 Constat
739 1088 841 1170 igitur
855 1106 875 1146 a
887 1089 1039 1164 nomine,
1060 1105 1133 1148 eam
1152 1080 1284 1146 habita-

301 1193 370 1248 tam
374 1181 511 1262 fuisse,
547 1204 626 1249 cum
647 1193 716 1249 tam
738 1183 857 1272 seculis
884 1183 999 1248 multis
1018 1207 1039 1248 a
1060 1183 1283 1270 domibusque

300 1290 443 1350 moeniis
459 1281 524 1348 fuit
539 1285 580 1350 ad
599 1283 744 1349 nihilum
758 1268 904 1353 reducto.
948 1285 1041 1364 Quae
1055 1283 1138 1348 XX
1151 1290 1210 1350 cir.
1223 1289 1284 1348 mi.

202 1431 206 1438 -
300 1385 442 1450 modicis
453 1383 695 1471 arboribusque
705 1387 888 1453 urentibus
897 1386 1020 1452 herbis
1032 1387 1284 1470 Evemtautern,

301 1486 409 1574 quod,
431 1485 513 1574 dum
526 1486 661 1572 quidem
681 1491 832 1568 emerita,
854 1489 912 1554 diu
930 1487 985 1555 hic
998 1486 1075 1574 Deo
1090 1492 1236 1553 serviens
1252 1496 1286 1548 et

292 1593 488 1672 ,irtengusta
502 1587 662 1676 spelunca
672 1588 808 1674 sedens,
829 1588 979 1676 infideles
996 1610 1070 1670 eam
1084 1592 1161 1672 igne
1174 1584 1284 1678 suff07

300 1698 466 1753 caverunt.
511 1687 664 1775 Cumque
678 1711 847 1753 recessum
863 1711 980 1776 capere
994 1689 1124 1764 vellent,
1138 1709 1206 1752 vox
1222 1709 1285 1778 au7

301 1788 367 1852 dita
382 1800 445 1868 est,
467 1788 595 1852 dicens:
620 1788 805 1855 Hominem
825 1795 1037 1882 innocentem
1053 1799 1085 1852 et
1100 1787 1184 1852 mihi
1199 1809 1285 1876 pro·
1361 1827 1362 1856 t

299 1896 422 1978 pitium
448 1895 641 1971 necavistis3
675 1883 771 1954 ibi't'is'
790 1883 885 1970 non,
916 1902 949 1955 et
975 1897 1114 1976 impune
1138 1893 1283 1951 transire

299 2014 369 2056 non
389 1993 475 2058 licet.
519 1991 673 2080 Cumque
694 1989 759 2074 hoe
779 1993 975 2080 erplicaret,
997 1995 1085 2055 ensis
1105 1985 1192 2053 inter
1206 1988 1284 2052 cul-

298 2092 425 2179 pabiles
451 2099 519 2158 ruit
545 2103 577 2157 et
597 2098 712 2158 sternit
734 2092 924 2179 improbos,
947 2091 1119 2156 residuum
1138 2113 1219 2155 vero
1240 2090 1282 2154 ad

297 2199 440 2282 patriam
453 2194 561 2257 redire
577 2193 709 2260 dimisit.
753 2191 839 2272 Qui,
860 2193 976 2260 devote
988 2179 1190 2258 miractdum
1201 2213 1284 2266 nure

297 2305 426 2380 rantes,
444 2295 487 2361 ad
496 2295 603 2364 ,fidem
616 2295 742 2362 Oluisti
754 2293 926 2362 devenere.

760 2683 825 2755 22.

296 2802 442 2910 ,Flemus
455 2803 546 2932 quod
558 2839 641 2906 haee
654 2839 764 2906 insula
776 2838 937 2906 Polimio
953 2862 1127 2931 nunquam
1142 2839 1206 2908 fuit
1219 2813 1283 2930 ha}
1359 2905 1360 2918 ,

296 2942 413 3025 Ῑιίιιῐας
439 2965 559 3008 verum
585 2964 663 3008 cum
682 2947 732 3006 sit
752 2946 789 3006 iu
813 2942 924 3028 aliquo
951 2963 1129 3026 nemqrosa
1148 2941 1226 3008 loco
1250 2953 1282 3020 ct

293 3046 426 3114 formae
448 3067 600 3108 casarum
618 3041 815 3130 patefactae,
836 3041 990 3108 homines
1007 3043 1173 3108 habitasse
1192 3049 1231 3108 in
1244 3066 1282 3110 ea

295 3145 536 3217 mensuratur.
579 3143 645 3208 Sed
667 3143 776 3232 quid'
766 3166 803 3208 m
824 3165 863 3208 eo
883 3143 958 3208 loco
981 3155 1149 3214 vetustum
1169 3143 1281 3210 fuerat

295 3248 337 3312 ab
351 3245 545 3312 homimbus
564 3244 630 3310 hoc
645 3255 797 3331 tempore
816 3250 999 3330 ignoratur.
1039 3244 1173 3310 Verum
1188 3245 1281 3332 quod

294 3371 364 3416 una
382 3347 518 3412 biremis
533 3346 744 3422 Tuscorum,
767 3343 850 3410 dum
869 3344 956 3410 harro
976 3357 1161 3433 appeteret,
1182 3358 1216 3412 et
1237 3348 1281 3412 ad

287 3449 495 3536 ,capiendum
507 3447 625 3534 aeghes
641 3446 843 3530 accederent,
862 3443 1006 3525 Aeolus,
1014 3449 1159 3516 Boream
1177 3454 1281 3514 ernis

296 3573 354 3616 eus
373 3549 414 3616 ab
437 3559 549 3628 anuo,
571 3553 636 3626 cito
650 3550 785 3612 ratem
775 3568 812 3610 m
829 3567 909 3612 saxa
924 3546 1057 3628 latentia
1075 3561 1226 3638 torquet,
1248 3561 1280 3616 et

292 3659 459 3731 inimum,
480 3647 670 3716 miserabile
684 3653 769 3726 visu,
792 3647 934 3715 demissa
948 3662 1005 3714 est.
1044 3649 1198 3738 Cumque
1212 3651 1279 3716 hoc

296 3759 379 3820 socii
389 3757 601 3840 perciperent
615 3759 647 3812 et
660 3752 698 3812 in
711 3747 853 3834 ‚longam
872 3750 1146 3843 exclamationem
1162 3775 1281 3818 erum·

294 3857 428 3947 pereat,
450 3859 487 3922 ia
505 3855 622 3939 viginti
636 3848 767 3921 dierum
785 3853 891 3937 spatio
907 3872 1023 3935 omnes
1042 3857 1189 3934 enimam
1200 3853 1280 3934 Mass

1210 3953 1280 4028 buz
