2764 5182
591 652 599 669 .
632 607 688 675 18.

127 729 132 738 ’
169 735 174 765 ‘
372 729 402 796 5·
443 594 721 796 Bondeimoncii
749 733 869 838 stylus.

178 931 181 940 =
210 883 417 986 Scribendi
448 909 572 983 genus
606 884 771 958 latinum
806 890 1025 960 inconstum
1057 907 1116 964 est

129 1039 248 1122 atque
266 1019 493 1113 barbarum,
519 1026 575 1094 ita
591 1025 688 1094 utin
707 1021 890 1122 Epistolis
910 1022 1114 1100 Obscuro-

125 1183 213 1230 rum
228 1160 412 1231 Virorum
430 1161 578 1232 versari
598 1175 636 1230 te
663 1177 835 1258 putares.
883 1161 931 1230 Et
952 1160 1114 1259 quidem

126 1293 325 1393 distinguo
351 1298 454 1366 inter
477 1295 687 1402 Italismos
710 1295 806 1394 styli
830 1311 869 1367 et
896 1297 1113 1370 Barbaris·

123 1457 226 1504 mos.
251 1475 301 1490 -
352 1429 531 1521 Italismi‚
555 1435 586 1503 si
605 1430 685 1506 hoc
704 1429 902 1506 vocabulo
923 1435 980 1502 uti
1001 1432 1110 1526 licet,

124 1565 295 1666 duplicis
311 1585 400 1640 sunt
418 1569 590 1666 generis,
620 1566 860 1665 singularum
875 1591 1040 1659 vocum,
1070 1587 1111 1642 et

119 1701 330 1776 verborum
347 1721 576 1776 structurae.
629 1703 762 1776 Voces
789 1701 973 1803 singulas
995 1703 1108 1778 italas

120 1858 286 1939 usurpat
306 1837 514 1940 plurimas,
541 1837 684 1939 quibus
709 1835 958 1937 locupletare
980 1843 1109 1938 possis

121 1975 276 2076 Congii
295 1973 534 2047 Glossarium
558 1971 713 2048 mediae
733 1992 773 2046 et
789 1972 945 2046 infimae
962 1977 1108 2048 Latini-

119 2113 230 2202 tatis,
266 2135 315 2184 ex
338 2110 514 2184 editione
531 2109 823 2184 Monachorum
843 2110 880 2183 S.
897 2111 1105 2186 Benedicti

119 2271 299 2346 econgr.
324 2247 362 2320 S.
381 2249 532 2338 Mauri,
567 2247 724 2320 6Tom.
745 2243 816 2318 fol.
850 2247 972 2320 Paris.
993 2262 1104 2347 1733,

117 2410 236 2486 quam
262 2380 476 2456 editionem
502 2408 717 2483 usurpans,
750 2379 823 2454 sub
846 2381 946 2482 siglo
969 2383 1103 2486 Cang.

114 2522 156 2592 in
176 2523 281 2594 notis
299 2523 466 2594 excitavi
481 2516 635 2592 librum.
661 2560 710 2580 -
742 2514 864 2590 Italae
881 2518 1102 2592 verborum

113 2671 349 2729 structurae
369 2659 620 2730 inveniuntur
641 2650 857 2754 plurimae,
883 2653 1005 2727 veluti
1023 2656 1102 2730 Ge·

111 2791 225 2863 nitivi
249 2815 339 2866 usus
356 2817 430 2892 pro
451 2789 649 2882 Ablativo‚
680 2807 719 2863 et
733 2792 1004 2863 Nominativus
1029 2789 1099 2864 ab-

111 2926 286 3017 solutus,
315 2947 389 3002 etc.
419 2973 469 2988 -·-
523 2926 688 3026 Saepius
730 2948 893 3025 quoque
933 2927 1098 3000 nomina

110 3066 273 3164 propria
287 3064 457 3137 Italismo
472 3066 706 3164 scriptionis
722 3065 889 3162 pessime
907 3079 1097 3160 corrupta

109 3197 282 3300 profert,
315 3206 483 3302 quaein
510 3196 849 3292 annotationibus·
862 3195 1013 3273 videbis
1035 3223 1096 3270 re·

109 3335 321 3438 prehensa.

535 3505 568 3609 s.
604 3514 663 3586 19.

181 3647 542 3734 Barbarismorum
577 3679 762 3733 numerus
805 3675 863 3731 est
904 3651 1010 3756 legio
1048 3660 1093 3730 in

107 3795 270 3896 singulis
300 3798 466 3872 vocibus
498 3823 626 3900 aeque
664 3815 782 3897 atque
812 3797 854 3866 in
878 3790 1089 3866 verborum

107 3937 410 4034 compositione.
439 3935 569 4012 Voces
584 3933 785 4024 soloecae‚
796 3930 958 4004 nomina
974 3955 1091 4031 quar-
