2704 5180
974 487 1049 576 12⁸

63 682 271 772 longitudine
296 679 433 748 humilis
460 691 510 775 est
530 702 659 749 murus.
704 683 767 750 'Et
790 687 904 770 primo
921 685 1047 759 iremus

64 787 219 850 Sanctam
234 783 395 870 Sophiam
416 794 464 848 est
483 784 622 850 ecclesia
638 807 716 848 cum
737 807 837 850 inuno
853 781 1049 868 magnifico,

63 885 362 952 innumerabilium
376 883 599 952 fenestrarum
610 885 779 961 adornate,
802 883 860 948 ubi
877 882 1051 952 dominae·

64 1009 128 1074 que
144 987 340 1052 iuvenculae
360 1005 439 1050 cum
452 990 613 1050 matronis
632 1007 710 1050 suos
731 983 979 1072 prospiciebant
997 983 1049 1046 di-

64 1085 178 1152 lectos.
210 1084 279 1150 Ubi
296 1091 331 1150 in
344 1085 604 1172 principio-dicti
619 1091 709 1152 muri
724 1106 881 1150 summus
896 1085 1049 1148 balaeus

65 1185 270 1272 erigebatur,
305 1192 340 1250 in
365 1209 432 1273 quo
453 1180 617 1252 vulnerati
638 1185 858 1273 ponebantur.
918 1184 1051 1250 Deinde

63 1286 208 1374 Agulio
232 1309 276 1352 ex
297 1310 367 1352 uuo
392 1287 493 1353 latere
512 1293 549 1350 in
570 1298 713 1373 quatuor
737 1293 846 1352 aeneis
868 1287 990 1352 taxillis
1013 1291 1050 1352 iu

63 1388 171 1454 altum
183 1400 282 1460 recta!
290 1393 438 1454 cernitur
450 1387 641 1456 cubitorum
648 1388 775 1454 XLIV.
786 1401 818 1454 et
828 1395 864 1454 in
875 1385 962 1477 pede
977 1392 1049 1454 eius

63 1509 182 1555 versus
197 1495 246 1556 sic
262 1501 397 1556 sonanti

103 1693 128 1723 „
137 1651 298 1728 Difficilis
313 1646 470 1729 quondam
483 1645 620 1706 dominic
629 1670 743 1729 parere
759 1652 877 1709 serenio
884 1693 895 1720 ,

106 1753 223 1810 Iussus
236 1763 267 1810 et
283 1753 450 1810 exstinctis
460 1751 606 1830 palmam
617 1765 745 1831 portare
759 1755 907 1830 tyrannis

113 1852 235 1912 Omnia
258 1851 426 1912 Theodosio
443 1851 558 1910 cedunt
565 1894 576 1920 ,
599 1852 752 1932 sobolique
763 1856 915 1932 perenni,

114 1955 179 2013 Ter
193 1953 283 2014 denis
301 1957 347 2012 sic
362 1957 465 2013 victus
482 1975 539 2032 ego
555 1953 750 2034 domitusque
764 1955 873 2014 diebus

106 2055 221 2116 Iudice
235 2054 291 2114 sab
305 2057 419 2114 Proclo
435 2077 562 2136 superas
578 2055 683 2114 elatus
696 2053 743 2113 od
754 2077 864 2116 auras.
873 2057 905 2086 “'

840 2149 845 2168 ,
890 2154 893 2163 ,

124 2333 226 2402 Ultra
237 2333 328 2401 hune
342 2335 486 2424 lapidem
500 2347 568 2402 tres
584 2359 704 2403 aeneos
718 2348 888 2424 serpentes-
898 2341 935 2401 in
947 2359 1055 2403 unum

70 2439 225 2505 videmus
249 2438 364 2504 oribus
387 2445 526 2526 apertis,
548 2439 720 2528 aquibus,
742 2450 780 2502 ut
794 2439 930 2516 dicitru,
954 2459 1055 2526 aqua,

69 2547 191 2607 vinum
215 2551 247 2606 et
265 2540 316 2604 lac
341 2539 447 2605 abeis
470 2541 580 2604 exibat
595 2539 710 2604 diebus
726 2545 948 2604 iustrantium.
992 2535 1057 2602 Ul·

70 2652 121 2705 tra
145 2645 245 2705 etiam
258 2647 293 2703 in
307 2641 406 2706 altera
425 2664 466 2704 ex
480 2642 594 2704 multis
609 2639 773 2726 lapidibus
788 2639 913 2725 Agulia
931 2659 1058 2702 conne-

70 2764 113 2807 xa
129 2739 252 2806 LVlll.
268 2741 457 2807 cubitorum
474 2747 620 2828 erigitur.
664 2739 762 2804 Ultra
776 2741 918 2827 denique
933 2745 970 2802 in
991 2739 1057 2805 fine

71 2841 211 2908 humilis
232 2849 322 2907 muri
334 2841 435 2907 huius
454 2853 596 2930 quatuor
611 2841 755 2906 humiles
777 2841 951 2904 columnae
966 2863 1059 2904 mar·

72 2965 208 3008 moreae
223 2943 377 3007 videntur
394 2955 535 3021 erectae,
561 2949 597 3008 in
612 2942 733 3032 quibus
748 2941 946 3030 imperatrix
960 2961 1060 3027 prae·

73 3043 240 3110 eminebat
260 3044 301 3108 ad
323 3041 456 3110 festum.
499 3043 589 3109 Fecit
611 3067 690 3130 ergo
712 3042 925 3108 Theodosius
948 3045 1060 3106 omnia

73 3152 135 3211 ista
153 3156 186 3210 et
201 3145 264 3210 alia
278 3145 383 3209 multa
397 3167 459 3232 per
479 3146 598 3210 urbem
615 3145 788 3211 laudanda.
831 3142 1060 3231 Reperiuntur

75 3254 216 3334 iusuper
237 3246 335 3310 hodie
362 3247 508 3312 infinitae
534 3248 727 3324 columnae,
759 3267 903 3334 quarum
925 3245 1066 3332 quidem

76 3355 225 3438 quinque
244 3347 398 3412 videntur
417 3354 559 3413 maiores
581 3369 804 3426 marmoreae,
827 3357 859 3412 et
870 3345 949 3410 LX.
964 3344 1061 3410 cubi-

76 3460 192 3516 torum
205 3471 269 3535 pro
284 3441 429 3535 qualibet
443 3449 589 3515 elevatur
609 3455 645 3512 iu
664 3449 778 3513 altum.
821 3449 864 3512 Et
877 3453 987 3534 primo
1002 3467 1061 3510 co·

76 3548 194 3614 lamna
206 3547 380 3613 Iustiniani
399 3551 501 3630 dicta,
524 3551 668 3615 secunda
682 3549 816 3628 Crucis,
840 3571 906 3636 quo
923 3555 965 3611 in
985 3547 1074 3611 loco*

76 3650 137 3716 IV.
154 3661 280 3716 erectae
296 3649 507 3738 porphyreae
523 3652 687 3718 videntur.
729 3649 768 3714 ln
786 3649 907 3737 quilius
927 3648 1071 3734 quidem*

77 3745 156 3840 equi
174 3761 316 3840 quatuor
333 3757 425 3814 aenei
442 3759 567 3817 aureati
582 3757 683 3842 positi
702 3762 810 3826 erant,
835 3763 867 3813 et
881 3747 1002 3814 Veneti
1020 3746 1064 3810 il-

77 3849 134 3924 los
150 3853 182 3915 V
187 3855 307 3917 enetiis
331 3853 418 3938 apud
434 3854 598 3919 ‘Sanctum
626 3853 772 3920 detulere
795 3852 967 3923 Marcam,
1006 3857 1065 3912 co-¹

79 3954 208 4017 lumnis
233 3953 491 4018 remanentibus.
544 3939 724 4042 Tertiaque
754 3965 869 4040 quarta
891 3953 1069 4017 columna-²
