2742 5182
1016 401 1088 483 125

94 592 175 662 Fuit
204 600 312 670 etism'
333 594 416 664 haee
445 593 525 660 urbs
547 593 782 684 pulcherrirna
812 593 922 673 vada,
956 607 986 660 et
1016 597 1090 662 aula

96 703 344 786 sapientiaeque
366 694 563 775 honestatis,
591 719 682 768 nunc
697 715 775 762 vero
793 697 835 764 ad
850 702 1089 781 ignorantiam·

95 819 162 886 qne
191 799 358 888 dimitiam
379 809 526 862 vetustae
556 804 723 885 opinionis
750 805 917 884 perventi,
952 808 1087 884 peccato

93 899 194 985 gulae
216 899 452 975 adhaeserunt,
482 911 514 962 et
536 906 570 962 in
592 910 720 989 tantum
743 899 840 964 delati
866 909 1005 984 propior
1028 922 1089 967 cu·
1134 883 1141 902 κ

94 1007 188 1086 piam
210 1006 420 1087 pisciumque
442 1006 611 1076 carnium,
634 999 725 1086 qrtod
744 1022 822 1084 pars
845 1011 961 1088 quarta
981 1004 1087 1086 ipsIns

94 1103 138 1165 ad
152 1101 311 1168 morbum
325 1101 515 1166 inciderunt
527 1100 657 1186 lepras,
683 1112 715 1166 et.
729 1102 915 1166 doctrinam
929 1098 1086 1165 Iolnmnis

94 1203 350 1291 chrysostomi,
374 1201 641 1289 Danrascenique
655 1202 799 1268 aliorum
812 1201 1013 1280 Sanctorum
1024 1221 1088 1288 pa-

95 1317 190 1370 trum
220 1305 385 1370 dimisere.
428 1302 485 1368 Ad
507 1307 651 1368 trionem
680 1325 866 1388 perunum
890 1309 947 1366 mi.
972 1303 1087 1382 Pera,

94 1405 313 1472 lanueusium
327 1403 556 1492 pulcherrima
567 1409 680 1468 civitas
695 1415 759 1480 est,
783 1426 867 1490 qnae
887 1425 949 1489 per
973 1412 1086 1470 sinum

94 1510 136 1574 ab
162 1509 247 1576 urbe
273 1517 455 1594 soporatur.
505 1505 592 1569 Sunt
616 1510 705 1569 enirn
725 1504 766 1570 ab
789 1513 853 1570 isto
876 1505 949 1568 loro
977 1525 1087 1592 usque

92 1629 189 1674 mare
207 1605 364 1685 Pontum,
380 1631 439 1674 sou
448 1607 633 1682 Euxinum,
648 1605 773 1672 XVIII.
787 1612 843 1672 mi.
868 1603 925 1670 Aa
941 1611 1085 1674 trionem

94 1731 154 1774 oro
179 1715 411 1784 stennissimo,
436 1731 513 1772 rum
528 1705 678 1794 periculo
694 1713 888 1772 intrantium
909 1705 1007 1770 hodie
1023 1729 1087 1772 na·

90 1817 203 1886 vinm,
226 1833 302 1874 rann
324 1810 463 1897 quibus,
486 1821 664 1896 postquam
685 1809 725 1870 do
743 1809 836 1874 llrbo
859 1815 1085 1885 narravimus,

90 1913 135 1976 ad
156 1910 332 1998 Aegaeum
356 1933 467 1989 mare,
496 1910 538 1973 ad
560 1909 705 1976 insulam
724 1909 914 1976 Stalimini
939 1903 1084 1974 reverte·

87 2034 179 2080 mur.

488 2139 698 2156 m

506 2291 616 2362 ‚66·
795 2285 799 2294 ’
1085 2304 1175 2344 ‘¹-

89 2391 198 2496 Erat
211 2427 293 2493 haec
308 2426 418 2494 Insula
431 2427 586 2496 Lemnos
601 2430 697 2509 dicta,
719 2453 811 2497 nuno
823 2452 903 2496 vero
918 2431 1083 2500 Stalimi.

91 2535 135 2597 ni
155 2531 408 2606 denominatum
430 2533 466 2596 in
483 2529 662 2618 Aegaeo
638 2537 724 2596 mari
746 2538 807 2596 sita
827 2543 860 2596 et
878 2531 978 2620 plana
997 2544 1083 2612 tota,

90 2633 206 2699 (λοίπ’.
228 2637 286 2698 mi.
331 2630 455 2696 Limni
477 2637 568 2698 enim
588 2654 722 2720 graece,
746 2635 850 2700 lacus
870 2634 979 2700 latine.
1022 2636 1081 2743 ,id

89 2757 211 2824 quam,
228 2744 379 2822 propter
402 2737 473 2797 eius
492 2727 750 2811 bassitudincni,
778 2734 1006 2820 periculosum
1031 2734 1081 2801 est

89 2835 264 2913 accedero,
294 2856 372 2898 cnm
393 2839 428 2898 in
454 2839 606 2900 sasinus
632 2847 664 2910 et
687 2842 774 2918 porti
798 2840 863 2898 sint
884 2839 1018 2923 ορῐίιηί,
1048 2848 1081 2902 et

87 2937 189 3026 pluro
206 2935 327 3024 oppida
342 2929 533 3026 habitantur
547 2941 581 3000 in
598 2959 645 3000 ca.
687 2935 828 3022 Legitur
845 2941 942 3000 etiam
962 2941 997 3002 In
1016 2937 1080 3002 hac

88 3037 201 3103 Insula
227 3035 395 3100 Venercrn
424 3036 644 3100 concubuisse
672 3059 751 3100 curn
778 3033 904 3112 Marte,
940 3042 1077 3128 sinsque
1113 3095 1117 3104 .

46 3224 52 3228 ·
88 3138 295 3204 adulterium
316 3135 429 3201 Solem
444 3135 618 3218 Vulcano,
641 3159 703 3202 suo
725 3143 859 3223 coniugi
880 3139 1081 3228 prodidisse.

89 3239 187 3320 Quos
220 3237 336 3304 ambos
364 3235 539 3303 Vulcanus
568 3238 785 3304 adamantium
813 3246 935 3304 catenis
965 3233 1078 3327 IIgavt‘t

88 3363 215 3429 eosque
236 3341 307 3404 aliis
322 3336 397 3403 Diis
417 3344 561 3426 turpiter
580 3340 776 3406 accnbantes
800 3345 950 3408 ostendit.
994 3344 1078 3410 Mu-

86 3440 187 3506 lieres
204 3450 315 3504 autem
328 3439 539 3515 Lemniades,
547 3439 748 3507 adulterium
755 3441 898 3510 Veneris
913 3445 1076 3511 damnan-

86 3549 153 3617 tes,
176 3545 286 3627 ipsam
304 3551 463 3627 tanquam
483 3542 656 3628 inriguam
676 3545 1002 3632 praetermittendam
1022 3548 1075 3612 di

87 3651 230 3720 xerunt,
247 3636 300 3704 his
314 3639 456 3704 odorem
470 3638 692 3708 hircinuml
688 3641 771 3707 enus
788 3644 955 3728 indignato
968 3651 1075 3725 mint,

88 3741 178 3806 unde
201 3759 317 3804 omnes
341 3730 515 3820 mulieres,
544 3747 753 3826 instigatione
768 3742 927 3820 Veneris,
958 3765 1074 3811 amires

86 3847 176 3908 viros
190 3841 395 3928 occidenmt.
440 3842 518 3907 Sola
535 3865 614 3909 vero
626 3841 825 3930 HIsiphyle,
851 3843 1014 3914 Thoantis
1030 3847 1072 3914 fi..
