<?xml version="1.0" encoding="UTF-8"?>
<!DOCTYPE html PUBLIC "-//W3C//DTD XHTML 1.0 Transitional//EN"
    "http://www.w3.org/TR/xhtml1/DTD/xhtml1-transitional.dtd">
<html xmlns="http://www.w3.org/1999/xhtml" xml:lang="en" lang="en">
 <head>
  <title>
</title>
<meta http-equiv="Content-Type" content="text/html;charset=utf-8" />
  <meta name='ocr-system' content='tesseract 3.04.00' />
  <meta name='ocr-capabilities' content='ocr_page ocr_carea ocr_par ocr_line ocrx_word'/>
</head>
<body>
  <div class='ocr_page' id='page_1' title='image "./christophbondel00buongoog_0020.png"; bbox 0 0 2764 5182; ppageno 0'>
   <div class='ocr_carea' id='block_1_1' title="bbox 1046 442 1091 512">
    <p class='ocr_par' dir='ltr' id='par_1_1' title="bbox 1046 442 1091 512">
     <span class='ocr_line' id='line_1_1' title="bbox 1046 442 1091 512; baseline 0.044 -2"><span class='ocrx_word' id='word_1_1' title='bbox 1046 442 1091 512; x_wconf 88' lang='lat'><strong>11</strong></span> 
     </span>
    </p>
   </div>
   <div class='ocr_carea' id='block_1_2' title="bbox 115 627 1096 843">
    <p class='ocr_par' dir='ltr' id='par_1_2' title="bbox 115 627 1096 843">
     <span class='ocr_line' id='line_1_2' title="bbox 115 627 1096 735; baseline 0.002 -31"><span class='ocrx_word' id='word_1_2' title='bbox 115 677 120 684; x_wconf 88' lang='lat'><em>-</em></span> <span class='ocrx_word' id='word_1_3' title='bbox 160 633 319 706; x_wconf 87' lang='lat' dir='ltr'><strong>nemin</strong></span> <span class='ocrx_word' id='word_1_4' title='bbox 341 627 675 712; x_wconf 78' lang='lat' dir='ltr'><strong>Arinotationibus</strong></span> <span class='ocrx_word' id='word_1_5' title='bbox 705 636 845 710; x_wconf 80' lang='lat' dir='ltr'><strong>nostris</strong></span> <span class='ocrx_word' id='word_1_6' title='bbox 872 636 1014 735; x_wconf 77' lang='lat' dir='ltr'><strong>passim</strong></span> <span class='ocrx_word' id='word_1_7' title='bbox 1037 635 1096 708; x_wconf 90' lang='lat' dir='ltr'><strong>in·</strong></span> 
     </span>
     <span class='ocr_line' id='line_1_3' title="bbox 161 765 609 843; baseline -0.002 0"><span class='ocrx_word' id='word_1_8' title='bbox 161 786 302 843; x_wconf 86' lang='lat' dir='ltr'><strong>sertam</strong></span> <span class='ocrx_word' id='word_1_9' title='bbox 323 765 484 843; x_wconf 82' lang='lat' dir='ltr'><strong>videbis.</strong></span> <span class='ocrx_word' id='word_1_10' title='bbox 605 806 609 824; x_wconf 85' lang='lat'>·</span> 
     </span>
    </p>
   </div>
   <div class='ocr_carea' id='block_1_3' title="bbox 557 975 650 1076">
    <p class='ocr_par' dir='ltr' id='par_1_3' title="bbox 557 975 650 1076">
     <span class='ocr_line' id='line_1_4' title="bbox 557 975 650 1076; baseline -0.054 -25"><span class='ocrx_word' id='word_1_11' title='bbox 557 975 586 1076; x_wconf 67' lang='lat' dir='ltr'><strong>a.</strong></span> <span class='ocrx_word' id='word_1_12' title='bbox 613 983 650 1051; x_wconf 81' lang='lat' dir='ltr'><strong>a.</strong></span> 
     </span>
    </p>
   </div>
   <div class='ocr_carea' id='block_1_4' title="bbox 109 1139 1094 2706">
    <p class='ocr_par' dir='ltr' id='par_1_4' title="bbox 109 1139 1102 2706">
     <span class='ocr_line' id='line_1_5' title="bbox 109 1139 1094 1244; baseline -0.002 -28"><span class='ocrx_word' id='word_1_13' title='bbox 109 1167 147 1232; x_wconf 70' lang='lat' dir='ltr'><strong>a.</strong></span> <span class='ocrx_word' id='word_1_14' title='bbox 189 1171 230 1217; x_wconf 83' lang='lat' dir='ltr'><strong>a.</strong></span> <span class='ocrx_word' id='word_1_15' title='bbox 258 1142 468 1218; x_wconf 83' lang='lat' dir='ltr'>Secundae</span> <span class='ocrx_word' id='word_1_16' title='bbox 497 1139 627 1218; x_wconf 83' lang='lat' dir='ltr'><strong>classis</strong></span> <span class='ocrx_word' id='word_1_17' title='bbox 653 1143 919 1244; x_wconf 82' lang='lat' dir='ltr'><strong>Scriptorum,</strong></span> <span class='ocrx_word' id='word_1_18' title='bbox 956 1167 1094 1216; x_wconf 87' lang='lat' dir='ltr'><strong>eorum</strong></span> 
     </span>
     <span class='ocr_line' id='line_1_6' title="bbox 113 1275 1094 1384; baseline -0.006 -28"><span class='ocrx_word' id='word_1_19' title='bbox 113 1347 123 1356; x_wconf 89' lang='lat'>.</span> <span class='ocrx_word' id='word_1_20' title='bbox 161 1279 254 1354; x_wconf 87' lang='lat' dir='ltr'><strong>dico</strong></span> <span class='ocrx_word' id='word_1_21' title='bbox 285 1283 353 1380; x_wconf 92' lang='lat' dir='ltr'><strong>qui</strong></span> <span class='ocrx_word' id='word_1_22' title='bbox 382 1275 486 1375; x_wconf 80' lang='lat' dir='ltr'>Libri</span> <span class='ocrx_word' id='word_1_23' title='bbox 513 1277 562 1352; x_wconf 88' lang='lat' dir='ltr'><strong>de</strong></span> <span class='ocrx_word' id='word_1_24' title='bbox 585 1276 723 1384; x_wconf 73' lang='lat' dir='ltr'><strong>insulis</strong></span> <span class='ocrx_word' id='word_1_25' title='bbox 746 1278 996 1380; x_wconf 85' lang='lat' dir='ltr'><strong>Archipelagi</strong></span> <span class='ocrx_word' id='word_1_26' title='bbox 1017 1278 1094 1352; x_wconf 87' lang='lat' dir='ltr'><strong>fra-</strong></span> 
     </span>
     <span class='ocr_line' id='line_1_7' title="bbox 159 1411 1094 1518; baseline -0.004 -30"><span class='ocrx_word' id='word_1_27' title='bbox 159 1432 320 1514; x_wconf 81' lang='lat' dir='ltr'><strong>gmenta</strong></span> <span class='ocrx_word' id='word_1_28' title='bbox 346 1417 445 1514; x_wconf 86' lang='lat' dir='ltr'><strong>typis</strong></span> <span class='ocrx_word' id='word_1_29' title='bbox 472 1411 704 1518; x_wconf 66' lang='lat' dir='ltr'><strong>excedenda</strong></span> <span class='ocrx_word' id='word_1_30' title='bbox 732 1434 986 1509; x_wconf 83' lang='lat' dir='ltr'><strong>curaverunt,</strong></span> <span class='ocrx_word' id='word_1_31' title='bbox 1015 1418 1094 1514; x_wconf 89' lang='lat' dir='ltr'><strong>pri-</strong></span> 
     </span>
     <span class='ocr_line' id='line_1_8' title="bbox 157 1550 1093 1652; baseline -0.001 -28"><span class='ocrx_word' id='word_1_32' title='bbox 157 1577 245 1625; x_wconf 87' lang='lat' dir='ltr'><strong>mus</strong></span> <span class='ocrx_word' id='word_1_33' title='bbox 269 1568 328 1624; x_wconf 85' lang='lat' dir='ltr'><strong>est</strong></span> <span class='ocrx_word' id='word_1_34' title='bbox 347 1550 522 1624; x_wconf 77' lang='lat' dir='ltr'><em>Carolus</em></span> <span class='ocrx_word' id='word_1_35' title='bbox 543 1552 749 1648; x_wconf 79' lang='lat' dir='ltr'><strong>Dafresne</strong></span> <span class='ocrx_word' id='word_1_36' title='bbox 765 1553 834 1622; x_wconf 79' lang='lat' dir='ltr'><strong>Du</strong></span> <span class='ocrx_word' id='word_1_37' title='bbox 851 1552 1005 1652; x_wconf 78' lang='lat' dir='ltr'><strong>Gange.</strong></span> <span class='ocrx_word' id='word_1_38' title='bbox 1057 1553 1093 1623; x_wconf 91' lang='lat' dir='ltr'><strong>Is</strong></span> 
     </span>
     <span class='ocr_line' id='line_1_9' title="bbox 157 1685 1092 1785; baseline 0.002 -27"><span class='ocrx_word' id='word_1_39' title='bbox 157 1692 200 1759; x_wconf 89' lang='lat' dir='ltr'><strong>in</strong></span> <span class='ocrx_word' id='word_1_40' title='bbox 215 1689 329 1762; x_wconf 91' lang='lat' dir='ltr'><strong>Notis</strong></span> <span class='ocrx_word' id='word_1_41' title='bbox 352 1688 402 1759; x_wconf 86' lang='lat' dir='ltr'><strong>ad</strong></span> <span class='ocrx_word' id='word_1_42' title='bbox 426 1685 539 1758; x_wconf 87' lang='lat' dir='ltr'><strong>Joan.</strong></span> <span class='ocrx_word' id='word_1_43' title='bbox 557 1685 812 1777; x_wconf 87' lang='lat' dir='ltr'><strong>Cinnamum‚</strong></span> <span class='ocrx_word' id='word_1_44' title='bbox 838 1690 960 1762; x_wconf 87' lang='lat' dir='ltr'><strong>Paris.</strong></span> <span class='ocrx_word' id='word_1_45' title='bbox 985 1689 1092 1785; x_wconf 83' lang='lat'>1670,</span> 
     </span>
     <span class='ocr_line' id='line_1_10' title="bbox 156 1801 1094 1934; baseline 0 -40"><span class='ocrx_word' id='word_1_46' title='bbox 156 1849 342 1934; x_wconf 63' lang='lat' dir='ltr'><strong>P2179-</strong></span> <span class='ocrx_word' id='word_1_47' title='bbox 356 1837 439 1920; x_wconf 83' lang='lat'>187,</span> <span class='ocrx_word' id='word_1_48' title='bbox 464 1819 534 1895; x_wconf 89' lang='lat' dir='ltr'><strong>fol.</strong></span> <span class='ocrx_word' id='word_1_49' title='bbox 562 1801 670 1893; x_wconf 80' lang='lat' dir='ltr'><strong>dedit</strong></span> <span class='ocrx_word' id='word_1_50' title='bbox 685 1838 832 1893; x_wconf 87' lang='lat' dir='ltr'><strong>textum</strong></span> <span class='ocrx_word' id='word_1_51' title='bbox 846 1823 1094 1920; x_wconf 89' lang='lat' dir='ltr'><strong>Descriptio-</strong></span> 
     </span>
     <span class='ocr_line' id='line_1_11' title="bbox 116 1937 1092 2057; baseline 0.002 -29"><span class='ocrx_word' id='word_1_52' title='bbox 116 1945 135 1996; x_wconf 78' lang='lat'><strong>¹&#39;</strong></span> <span class='ocrx_word' id='word_1_53' title='bbox 158 1957 220 2031; x_wconf 89' lang='lat' dir='ltr'><strong>nis</strong></span> <span class='ocrx_word' id='word_1_54' title='bbox 251 1955 366 2032; x_wconf 88' lang='lat' dir='ltr'><strong>Urbis</strong></span> <span class='ocrx_word' id='word_1_55' title='bbox 402 1937 807 2057; x_wconf 84' lang='lat' dir='ltr'><strong>Constantinopoleos</strong></span> <span class='ocrx_word' id='word_1_56' title='bbox 845 1943 936 2031; x_wconf 75' lang='lat' dir='ltr'><strong>cum¹</strong></span> <span class='ocrx_word' id='word_1_57' title='bbox 967 1955 1092 2057; x_wconf 84' lang='lat' dir='ltr'><strong>effigie</strong></span> 
     </span>
     <span class='ocr_line' id='line_1_12' title="bbox 113 2069 1090 2193; baseline 0.001 -27"><span class='ocrx_word' id='word_1_58' title='bbox 113 2095 116 2102; x_wconf 85' lang='lat'>&#39;</span> <span class='ocrx_word' id='word_1_59' title='bbox 161 2094 245 2168; x_wconf 88' lang='lat' dir='ltr'><strong>eius</strong></span> <span class='ocrx_word' id='word_1_60' title='bbox 256 2150 266 2186; x_wconf 88' lang='lat'>,</span> <span class='ocrx_word' id='word_1_61' title='bbox 311 2095 554 2193; x_wconf 83' lang='lat' dir='ltr'><strong>depromtam</strong></span> <span class='ocrx_word' id='word_1_62' title='bbox 583 2069 623 2164; x_wconf 31' lang='lat' dir='ltr'><strong>&#39;e&#39;</strong></span> <span class='ocrx_word' id='word_1_63' title='bbox 647 2092 737 2166; x_wconf 88' lang='lat' dir='ltr'><strong>cod.</strong></span> <span class='ocrx_word' id='word_1_64' title='bbox 767 2095 946 2166; x_wconf 85' lang='lat' dir='ltr'><strong>Parisino</strong></span> <span class='ocrx_word' id='word_1_65' title='bbox 979 2098 1090 2192; x_wconf 82' lang='lat' dir='ltr'><strong>regio</strong></span> 
     </span>
     <span class='ocr_line' id='line_1_13' title="bbox 159 2227 1092 2328; baseline -0.002 -28"><span class='ocrx_word' id='word_1_66' title='bbox 159 2253 268 2302; x_wconf 88' lang='lat' dir='ltr'><strong>nunc</strong></span> <span class='ocrx_word' id='word_1_67' title='bbox 290 2239 412 2319; x_wconf 74' lang='lat'><strong>4825,</strong></span> <span class='ocrx_word' id='word_1_68' title='bbox 450 2227 681 2302; x_wconf 81' lang='lat' dir='ltr'>illustratam</span> <span class='ocrx_word' id='word_1_69' title='bbox 707 2228 948 2328; x_wconf 83' lang='lat' dir='ltr'><strong>amplissimis</strong></span> <span class='ocrx_word' id='word_1_70' title='bbox 972 2253 995 2301; x_wconf 91' lang='lat' dir='ltr'><strong>e</strong></span> <span class='ocrx_word' id='word_1_71' title='bbox 1020 2231 1092 2322; x_wconf 92' lang='lat' dir='ltr'><strong>By-</strong></span> 
     </span>
     <span class='ocr_line' id='line_1_14' title="bbox 116 2357 1091 2465; baseline 0.003 -31"><span class='ocrx_word' id='word_1_72' title='bbox 116 2369 119 2376; x_wconf 89' lang='lat'>&#39;</span> <span class='ocrx_word' id='word_1_73' title='bbox 158 2357 322 2437; x_wconf 73' lang='lat' dir='ltr'><strong>zahtinis</strong></span> <span class='ocrx_word' id='word_1_74' title='bbox 340 2361 505 2463; x_wconf 89' lang='lat' dir='ltr'><strong>aliisque</strong></span> <span class='ocrx_word' id='word_1_75' title='bbox 524 2367 641 2456; x_wconf 86' lang='lat' dir='ltr'><strong>notis,</strong></span> <span class='ocrx_word' id='word_1_76' title='bbox 670 2388 919 2465; x_wconf 79' lang='lat' dir='ltr'><strong>quasomnes</strong></span> <span class='ocrx_word' id='word_1_77' title='bbox 937 2363 1015 2455; x_wconf 88' lang='lat' dir='ltr'><strong>hic,</strong></span> <span class='ocrx_word' id='word_1_78' title='bbox 1040 2363 1091 2437; x_wconf 85' lang='lat' dir='ltr'><strong>ad</strong></span> 
     </span>
     <span class='ocr_line' id='line_1_15' title="bbox 160 2475 1090 2600; baseline 0.004 -30"><span class='ocrx_word' id='word_1_79' title='bbox 160 2497 291 2598; x_wconf 87' lang='lat' dir='ltr'><strong>Caput</strong></span> <span class='ocrx_word' id='word_1_80' title='bbox 323 2501 371 2586; x_wconf 82' lang='lat'><strong>65</strong></span> <span class='ocrx_word' id='word_1_81' title='bbox 411 2475 666 2598; x_wconf 82' lang='lat' dir='ltr'><strong>penesnos,</strong></span> <span class='ocrx_word' id='word_1_82' title='bbox 717 2502 1090 2600; x_wconf 81' lang='lat' dir='ltr'><strong>repraesentavimus</strong></span> 
     </span>
     <span class='ocr_line' id='line_1_16' title="bbox 119 2638 314 2706; baseline 0 0"><span class='ocrx_word' id='word_1_83' title='bbox 119 2649 122 2658; x_wconf 67' lang='lat'><strong>⁴</strong></span> <span class='ocrx_word' id='word_1_84' title='bbox 157 2638 314 2706; x_wconf 83' lang='lat' dir='ltr'><strong>iterum.</strong></span> 
     </span>
    </p>
   </div>
   <div class='ocr_carea' id='block_1_5' title="bbox 551 2755 730 2922">
    <p class='ocr_par' dir='ltr' id='par_1_5' title="bbox 551 2755 730 2922">
     <span class='ocr_line' id='line_1_17' title="bbox 551 2755 730 2922; baseline 0 0"><span class='ocrx_word' id='word_1_85' title='bbox 551 2819 646 2922; x_wconf 64' lang='lat' dir='ltr'><strong>si·</strong></span> <span class='ocrx_word' id='word_1_86' title='bbox 727 2755 730 2762; x_wconf 57' lang='grc'><strong>’</strong></span> 
     </span>
    </p>
   </div>
   <div class='ocr_carea' id='block_1_6' title="bbox 110 2986 1090 3098">
    <p class='ocr_par' dir='ltr' id='par_1_6' title="bbox 110 2986 1090 3098">
     <span class='ocr_line' id='line_1_18' title="bbox 110 2986 1090 3098; baseline 0.001 -36"><span class='ocrx_word' id='word_1_87' title='bbox 110 2988 146 3062; x_wconf 77' lang='lat' dir='ltr'><strong>b.</strong></span> <span class='ocrx_word' id='word_1_88' title='bbox 174 2986 347 3098; x_wconf 24' lang='lat' dir='ltr'><strong>secutus!</strong></span> <span class='ocrx_word' id='word_1_89' title='bbox 362 3009 418 3066; x_wconf 88' lang='lat' dir='ltr'><strong>est</strong></span> <span class='ocrx_word' id='word_1_90' title='bbox 438 2993 527 3064; x_wconf 83' lang='lat' dir='ltr'><strong>Jao.</strong></span> <span class='ocrx_word' id='word_1_91' title='bbox 545 2989 778 3064; x_wconf 75' lang='lat' dir='ltr'><strong>Palmarius</strong></span> <span class='ocrx_word' id='word_1_92' title='bbox 801 2986 1016 3082; x_wconf 87' lang='lat' dir='ltr'><strong>(Paulmier</strong></span> <span class='ocrx_word' id='word_1_93' title='bbox 1040 2989 1090 3063; x_wconf 88' lang='lat' dir='ltr'><strong>de</strong></span> 
     </span>
    </p>
   </div>
   <div class='ocr_carea' id='block_1_7' title="bbox 160 3112 1215 4040">
    <p class='ocr_par' dir='ltr' id='par_1_7' title="bbox 160 3112 1215 4040">
     <span class='ocr_line' id='line_1_19' title="bbox 160 3112 1088 3226; baseline -0.001 -28"><span class='ocrx_word' id='word_1_94' title='bbox 160 3125 473 3221; x_wconf 84' lang='lat' dir='ltr'><strong>Grentemesnil)</strong></span> <span class='ocrx_word' id='word_1_95' title='bbox 495 3129 537 3198; x_wconf 89' lang='lat' dir='ltr'><strong>in</strong></span> <span class='ocrx_word' id='word_1_96' title='bbox 564 3129 675 3202; x_wconf 88' lang='lat' dir='ltr'><strong>cuius</strong></span> <span class='ocrx_word' id='word_1_97' title='bbox 697 3123 910 3226; x_wconf 88' lang='lat' dir='ltr'><strong>posthumo</strong></span> <span class='ocrx_word' id='word_1_98' title='bbox 936 3112 1088 3224; x_wconf 81' lang='lat' dir='ltr'><strong>Opere:</strong></span> 
     </span>
     <span class='ocr_line' id='line_1_20' title="bbox 163 3260 1089 3363; baseline 0 -29"><span class='ocrx_word' id='word_1_99' title='bbox 163 3262 357 3338; x_wconf 87' lang='lat' dir='ltr'><strong>Graeciae</strong></span> <span class='ocrx_word' id='word_1_100' title='bbox 382 3265 567 3363; x_wconf 83' lang='lat' dir='ltr'><strong>antiquae</strong></span> <span class='ocrx_word' id='word_1_101' title='bbox 589 3263 836 3360; x_wconf 84' lang='lat' dir='ltr'><strong>Descriptio,</strong></span> <span class='ocrx_word' id='word_1_102' title='bbox 867 3260 991 3360; x_wconf 78' lang='lat' dir='ltr'><strong>Lugd.</strong></span> <span class='ocrx_word' id='word_1_103' title='bbox 1007 3263 1089 3350; x_wconf 77' lang='lat' dir='ltr'><strong>Bat.</strong></span> 
     </span>
     <span class='ocr_line' id='line_1_21' title="bbox 162 3380 1091 3498; baseline -0.003 -26"><span class='ocrx_word' id='word_1_104' title='bbox 162 3399 282 3496; x_wconf 77' lang='lat'>1673,</span> <span class='ocrx_word' id='word_1_105' title='bbox 309 3411 360 3485; x_wconf 77' lang='lat'><strong>4⁰.</strong></span> <span class='ocrx_word' id='word_1_106' title='bbox 373 3453 383 3488; x_wconf 84' lang='lat'>,</span> <span class='ocrx_word' id='word_1_107' title='bbox 415 3416 599 3498; x_wconf 83' lang='lat' dir='ltr'><strong>excerpta</strong></span> <span class='ocrx_word' id='word_1_108' title='bbox 624 3415 802 3498; x_wconf 86' lang='lat' dir='ltr'><strong>prostant</strong></span> <span class='ocrx_word' id='word_1_109' title='bbox 823 3399 923 3496; x_wconf 82' lang='lat' dir='ltr'><strong>typis</strong></span> <span class='ocrx_word' id='word_1_110' title='bbox 944 3380 1091 3498; x_wconf 52' lang='lat' dir='ltr'><strong>excissa</strong></span> 
     </span>
     <span class='ocr_line' id='line_1_22' title="bbox 161 3532 1090 3634; baseline -0.003 -27"><span class='ocrx_word' id='word_1_111' title='bbox 161 3534 300 3634; x_wconf 82' lang='lat' dir='ltr'><strong>eGap.</strong></span> <span class='ocrx_word' id='word_1_112' title='bbox 325 3563 364 3625; x_wconf 87' lang='lat'><strong>1,</strong></span> <span class='ocrx_word' id='word_1_113' title='bbox 393 3533 443 3608; x_wconf 89' lang='lat' dir='ltr'><strong>de</strong></span> <span class='ocrx_word' id='word_1_114' title='bbox 464 3532 593 3608; x_wconf 84' lang='lat' dir='ltr'><strong>insula</strong></span> <span class='ocrx_word' id='word_1_115' title='bbox 611 3532 817 3632; x_wconf 79' lang='lat' dir='ltr'><strong>Corcyra:</strong></span> <span class='ocrx_word' id='word_1_116' title='bbox 846 3533 987 3606; x_wconf 86' lang='lat' dir='ltr'><strong>Graec.</strong></span> <span class='ocrx_word' id='word_1_117' title='bbox 1010 3550 1090 3628; x_wconf 74' lang='lat' dir='ltr'><strong>apt.</strong></span> 
     </span>
     <span class='ocr_line' id='line_1_23' title="bbox 160 3666 1205 3775; baseline -0.002 -35"><span class='ocrx_word' id='word_1_118' title='bbox 160 3666 186 3758; x_wconf 67' lang='lat' dir='ltr'><strong>l,</strong></span> <span class='ocrx_word' id='word_1_119' title='bbox 205 3692 239 3742; x_wconf 78' lang='lat' dir='ltr'><strong>a.</strong></span> <span class='ocrx_word' id='word_1_120' title='bbox 269 3694 304 3744; x_wconf 87' lang='lat' dir='ltr'><strong>c.</strong></span> <span class='ocrx_word' id='word_1_121' title='bbox 329 3693 385 3759; x_wconf 74' lang='lat' dir='ltr'><strong>ro,</strong></span> <span class='ocrx_word' id='word_1_122' title='bbox 411 3672 547 3770; x_wconf 79' lang='lat' dir='ltr'><strong>p.563,</strong></span> <span class='ocrx_word' id='word_1_123' title='bbox 564 3672 635 3757; x_wconf 80' lang='grc'><strong>64;</strong></span> <span class='ocrx_word' id='word_1_124' title='bbox 655 3692 677 3740; x_wconf 87' lang='lat' dir='ltr'><strong>e</strong></span> <span class='ocrx_word' id='word_1_125' title='bbox 695 3670 791 3767; x_wconf 87' lang='lat' dir='ltr'><strong>Cap.</strong></span> <span class='ocrx_word' id='word_1_126' title='bbox 806 3679 841 3756; x_wconf 93' lang='grc'><strong>4.</strong></span> <span class='ocrx_word' id='word_1_127' title='bbox 858 3667 908 3740; x_wconf 89' lang='lat' dir='ltr'><strong>de</strong></span> <span class='ocrx_word' id='word_1_128' title='bbox 926 3669 1089 3740; x_wconf 80' lang='lat' dir='ltr'><strong>Ithaco.</strong></span> <span class='ocrx_word' id='word_1_129' title='bbox 1200 3767 1205 3775; x_wconf 93' lang='lat'><em>.</em></span> 
     </span>
     <span class='ocr_line' id='line_1_24' title="bbox 164 3799 1092 3906; baseline -0.006 -28"><span class='ocrx_word' id='word_1_130' title='bbox 164 3803 229 3878; x_wconf 89' lang='lat' dir='ltr'><strong>Gr.</strong></span> <span class='ocrx_word' id='word_1_131' title='bbox 249 3823 327 3878; x_wconf 88' lang='lat' dir='ltr'><strong>ant.</strong></span> <span class='ocrx_word' id='word_1_132' title='bbox 351 3803 377 3878; x_wconf 89' lang='lat' dir='ltr'><strong>l.</strong></span> <span class='ocrx_word' id='word_1_133' title='bbox 396 3811 431 3892; x_wconf 87' lang='grc'><strong>4.</strong></span> <span class='ocrx_word' id='word_1_134' title='bbox 447 3831 494 3892; x_wconf 80' lang='lat' dir='ltr'><strong>o.</strong></span> <span class='ocrx_word' id='word_1_135' title='bbox 513 3815 581 3895; x_wconf 75' lang='lat'><strong>25,</strong></span> <span class='ocrx_word' id='word_1_136' title='bbox 611 3827 633 3876; x_wconf 86' lang='lat' dir='ltr'><strong>e</strong></span> <span class='ocrx_word' id='word_1_137' title='bbox 651 3804 748 3906; x_wconf 82' lang='lat' dir='ltr'><strong>cap.</strong></span> <span class='ocrx_word' id='word_1_138' title='bbox 766 3815 810 3896; x_wconf 85' lang='lat'><strong>5,</strong></span> <span class='ocrx_word' id='word_1_139' title='bbox 848 3799 897 3876; x_wconf 86' lang='lat' dir='ltr'><strong>de</strong></span> <span class='ocrx_word' id='word_1_140' title='bbox 917 3799 1092 3900; x_wconf 80' lang='lat' dir='ltr'><strong>Cephal-</strong></span> 
     </span>
     <span class='ocr_line' id='line_1_25' title="bbox 161 3915 1215 4040; baseline 0.003 -32"><span class='ocrx_word' id='word_1_141' title='bbox 161 3937 292 4026; x_wconf 72' lang='lat' dir='ltr'><strong>lenia,</strong></span> <span class='ocrx_word' id='word_1_142' title='bbox 321 3915 386 4014; x_wconf 87' lang='lat' dir='ltr'><strong>Gr.</strong></span> <span class='ocrx_word' id='word_1_143' title='bbox 406 3965 439 4014; x_wconf 89' lang='lat' dir='ltr'><strong>a.</strong></span> <span class='ocrx_word' id='word_1_144' title='bbox 458 3938 484 4014; x_wconf 93' lang='lat' dir='ltr'><strong>l.</strong></span> <span class='ocrx_word' id='word_1_145' title='bbox 502 3949 540 4032; x_wconf 88' lang='grc'><strong>4,</strong></span> <span class='ocrx_word' id='word_1_146' title='bbox 566 3963 601 4014; x_wconf 91' lang='lat' dir='ltr'><strong>c.</strong></span> <span class='ocrx_word' id='word_1_147' title='bbox 616 3948 677 4025; x_wconf 73' lang='lat'><strong>24.</strong></span> <span class='ocrx_word' id='word_1_148' title='bbox 728 3941 785 4012; x_wconf 88' lang='lat' dir='ltr'><strong>Ea</strong></span> <span class='ocrx_word' id='word_1_149' title='bbox 802 3957 986 4038; x_wconf 81' lang='lat' dir='ltr'><strong>excerpta</strong></span> <span class='ocrx_word' id='word_1_150' title='bbox 1001 3937 1112 4040; x_wconf 89' lang='lat' dir='ltr'><strong>plu-&#39;</strong></span> <span class='ocrx_word' id='word_1_151' title='bbox 1212 3915 1215 3918; x_wconf 30' lang='lat'>¹</span> 
     </span>
    </p>
   </div>
   <div class='ocr_carea' id='block_1_8' title="bbox 0 0 1386 5182">
    <p class='ocr_par' dir='ltr' id='par_1_8' title="bbox 0 0 1386 5182">
     <span class='ocr_line' id='line_1_26' title="bbox 0 0 1386 5182; baseline 0 2"><span class='ocrx_word' id='word_1_152' title='bbox 0 0 1386 5182; x_wconf 95' lang='lat' dir='ltr'><strong> </strong></span> 
     </span>
    </p>
   </div>
  </div>
 </body>
</html>
