2742 5182
324 487 397 561 1oo

787 677 850 755 42.

323 789 513 898 Nonnulli
533 825 614 890 olim
629 823 767 912 Buport
778 822 864 888 hanc
879 823 1137 886 nominaverunt
1151 825 1296 906 insulam,

324 943 358 995 et
383 930 504 998 cultira
525 933 618 1005 sutis,
640 923 791 989 LXXX.
813 927 864 987 cir
880 928 954 1000 nri„
975 928 1011 986 in
1034 924 1203 988 montibus
1221 937 1297 1006 tota,

324 1050 408 1118 quae
429 1053 520 1096 nunc
535 1027 813 1111 Amurgospolis
826 1026 911 1088 diota
932 1035 989 1088 est.
1032 1023 1071 1087 In
1085 1047 1150 1110 qua
1164 1032 1224 1090 tria
1242 1051 1298 1113 op-

322 1131 417 1220 pida,
444 1129 628 1215 Amorgo,
658 1127 746 1190 latii
768 1137 800 1189 et
821 1125 923 1189 Praei
949 1129 1103 1188 existunt.
1146 1123 1203 1188 Ad
1222 1134 1297 1192 trio-

323 1254 403 1295 nem
418 1251 499 1295 vero
515 1239 581 1290 tres
596 1230 685 1312 porti
703 1224 866 1302 ridentur,
888 1225 1027 1288 Sarsura
1042 1223 1170 1298 Anna,
1197 1229 1299 1292 Calos

322 1343 355 1394 et
377 1329 570 1418 Cathopla.
613 1325 671 1390 Aa
693 1325 870 1389 occiduum
884 1335 1014 1387 montes
1028 1347 1097 1387 non
1112 1333 1157 1390 ita
1176 1328 1299 1392 elevan-

323 1442 380 1494 tur
396 1430 486 1494 velut
501 1427 693 1504 orientales,
718 1437 749 1489 et
762 1427 837 1490 ideo
859 1431 1069 1489 Cotomerea
1082 1425 1203 1490 dicitur
1218 1427 1300 1514 quod

322 1533 423 1596 latine
445 1550 533 1617 pars
555 1525 714 1615 inferior
733 1536 843 1603 sonat,
865 1525 959 1588 etad
980 1530 1143 1592 orientem
1156 1528 1301 1613 Apono·

323 1654 444 1698 merea
465 1649 552 1714 pars
574 1629 738 1712 superior
751 1625 946 1690 declaratur.
988 1623 1046 1689 Ad
1060 1627 1236 1720 meridiem
1250 1629 1302 1692 de-

322 1738 425 1818 nique
437 1749 538 1814 rupes
554 1732 728 1811 erigtiutur
746 1725 908 1788 terribiles
925 1735 957 1790 et
969 1725 1109 1792 navibus
1122 1733 1302 1792 minacissi-

321 1851 411 1906 mae,
434 1835 512 1915 quia
532 1833 636 1903 venti,
658 1831 880 1911 percutientes
902 1831 938 1888 in
959 1847 1071 1906 mare,
1092 1833 1128 1891 in
1149 1834 1234 1914 ripis
1252 1851 1301 1891 re·

322 1930 489 2006 dundant‚
511 1939 558 2004 et,
581 1932 627 1989 sio
642 1926 819 2012 Scyllaque
835 1925 1040 2013 Charybdis,
1062 1933 1106 1991 ita
1119 1938 1302 1992 tumesceu·
1354 1957 1355 1964 ¹

324 2043 390 2107 tes,
412 2027 503 2116 quod
517 2047 616 2089 naves
634 2030 670 2089 in
685 2028 897 2112 naulragium
917 2047 1013 2111 saepe
1034 2038 1194 2120 pereunt,
1214 2035 1302 2092 etita

321 2134 498 2206 mirantes,
519 2132 607 2190 nom
628 2147 646 2188 a
666 2126 767 2212 longe
783 2132 934 2212 capiunt,
958 2136 991 2190 et
1010 2127 1238 2195 subversionis
1252 2151 1303 2214 ga·
1354 2175 1355 2186 ,

292 2210 295 2218 ¹
319 2229 391 2295 leoo
415 2227 462 2292 ibi
476 2225 688 2292 Venetorum
702 2227 929 2290 recordantur.

783 2547 849 2621 43.

323 2671 543 2775 Convicinae
566 2705 650 2772 duae
674 2707 802 2773 insulae
826 2719 918 2786 sunt,
950 2733 994 2774 sc.
1012 2710 1175 2776 Chinera
1197 2721 1231 2776 et
1245 2711 1307 2777 Le·⁵

317 2828 421 2876 vara.
450 2809 490 2871 In
505 2808 637 2894 quibus,
660 2809 761 2886 aiunt,
781 2831 850 2873 non
862 2809 1051 2874 habitavere
1063 2821 1195 2897 patres3
1220 2836 1307 2877 nnnc

318 2921 446 2987 autem,
468 2917 645 2993 perventae
660 2908 701 2970 ad
716 2909 945 2987 solitudinem,
968 2912 1110 2976 incultae
1124 2927 1309 2992 remanent

316 3019 455 3098 propter
472 3005 607 3068 insidias
630 3007 798 3072 malorum
819 3008 1012 3087 hominum,
1035 3023 1066 3074 et
1085 3033 1184 3098 saepe
1206 3036 1226 3077 a
1246 3021 1309 3079 cir-

318 3103 559 3171 cumstantibus
577 3105 733 3172 animatia
747 3108 892 3174 resolute
908 3119 1083 3197 patescunt
1102 3132 1184 3178 cum
1206 3119 1310 3180 asinis

306 3199 502 3292 'agrestibus
520 3223 598 3270 una.

712 3377 921 3402 ”aad

777 3531 840 3608 44.

316 3643 609 3754 Monstrabimus
632 3708 724 3752 nunc
751 3690 957 3756 Caloiernm
981 3690 1161 3778 scopulum
1184 3694 1312 3762 altissi-

315 3806 427 3865 mum,
447 3791 484 3850 in
497 3789 607 3853 medio
626 3793 727 3854 maris
747 3795 911 3876 positum,
934 3791 993 3856 ubi
1012 3794 1118 3858 Circa
1129 3797 1250 3860 irtsula
1271 3795 1311 3860 ad

315 3897 467 3950 austrrun
486 3893 697 3966 terminatur,
726 3899 758 3954 et
779 3895 1039 3978 circumseptum
1059 3892 1235 3960 altissimis
1259 3901 1310 3960 ιη’-

313 3990 383 4072 pis,
403 3997 541 4074 propter
562 3993 657 4055 suam
680 3994 892 4058 eminentiam
904 3992 1072 4062 ,omnibus
1094 4000 1310 4062 convicineis
