2742 5182
1023 421 1096 494 101
1181 533 1192 548 „

117 603 228 670 insulis
248 611 406 672 minatur.
450 605 489 670 ln
503 627 570 694 quo
587 613 757 676 cacumine
776 609 912 678 eeclesia
932 635 1010 680 cum
1022 613 1097 702 pla-

116 729 157 770 no
167 716 313 792 paratur.
356 706 400 770 Et
414 728 453 771 eo
467 711 503 770 in
518 709 593 774 loco
608 710 675 774 duo
690 711 833 778 Caloieri
848 712 1028 778 adorabant
1041 736 1095 780 ae·

116 829 190 871 cure
210 817 242 869 et
261 805 449 873 nauculam
468 809 608 873 rudente
627 822 743 896 parato
766 835 833 878 una
852 819 889 877 iu
909 815 1014 880 altum
1035 814 1095 880 ad-

115 908 320 983 scenderunt,
343 919 381 972 ut
396 929 415 972 a
431 908 535 972 suciis
548 914 663 995 piratis
678 933 752 976 eam
766 925 902 998 possent
916 915 1094 994 custodire,

113 1020 151 1085 et,
171 1007 325 1094 precibus
342 1007 467 1071 devotis
484 1008 643 1097 horisque
657 1017 853 1091 constitutis,
876 1020 947 1079 siue
962 1020 1092 1094 timore,

108 1110 161 1174 die
176 1131 213 1172 ao
234 1120 331 1172 nocte
349 1107 476 1172 valeant
493 1129 647 1174 exercere
667 1119 701 1174 et
721 1110 841 1176 oflerre
859 1113 1020 1180 libamina
1037 1135 1093 1180 sa-

112 1211 297 1296 crificiaque
323 1211 542 1276 immaculata.
599 1209 753 1299 Cumque
780 1211 839 1277 diu
866 1219 1091 1280 ministerium

110 1312 168 1374 tale
188 1317 411 1396 peregissent,
437 1333 512 1374 ecce
529 1310 663 1374 Tureus
684 1316 852 1391 innecte,
872 1313 1008 1380 indutus
1030 1337 1090 1381 ve·

110 1412 210 1476 stibus
235 1411 399 1477 similibus
424 1416 592 1497 ipsorum,
623 1421 655 1474 et
676 1418 735 1475 tait:
764 1413 855 1477 solus
878 1419 917 1478 in
937 1414 1090 1481 navicula

109 1513 283 1589 saeculata,
308 1512 444 1576 vocibus
461 1513 551 1576 altis:
573 1510 650 1576 Vin·
671 1511 835 1596 religiosi,
858 1537 971 1580 amore
988 1514 1090 1580 Clui-

109 1621 145 1676 sti
162 1619 318 1699 suscipite
337 1635 391 1676 mo
412 1619 590 1691 miserum,
611 1617 688 1702 quia
708 1617 831 1677 istisin
852 1615 999 1701 scopulis
1017 1616 1089 1681 dira

107 1726 279 1800 tempesias
293 1737 412 1778 narem
428 1724 621 1780 nostrorum
633 1712 841 1780 Graecorum
855 1719 993 1801 impegit
1005 1715 1087 1794 salo,

108 1827 138 1880 ct
149 1837 248 1879 uerno
264 1820 403 1902 nisiago
418 1815 510 1878 solus
526 1819 636 1878 evasit.
679 1812 748 1893 Illi,
769 1817 1093 1888 misericordiam-1

106 1922 144 1993 ti,
165 1939 226 2002 per
246 1915 364 1980 funem
385 1935 561 1980 ascensum
574 1912 740 2002 hospitem
754 1915 914 1980 Sinonem
932 1921 967 1980 in
981 1915 1086 1982 altum

106 2027 364 2103 acceptaverunt.
406 2015 445 2080 lu
458 2024 683 2094 mentorem,
703 2015 785 2080 dum
804 2021 891 2079 intra
912 2015 1085 2080 ecclesiam

104 2119 297 2194 adorabant,
318 2127 451 2204 pomam
466 2116 506 2180 ab
522 2125 615 2179 extra
630 2116 784 2202 proditor
797 2116 941 2180 firmavit
953 2127 1001 2194 et,
1020 2137 1084 2182 vo-

105 2224 180 2282 catis
201 2224 316 2294 sociis,
340 2217 509 2282 absconsis
524 2222 617 2280 iuxta
634 2217 828 2304 scopulum,
850 2238 963 2280 servos
980 2215 1083 2282 Chai-

104 2325 143 2385 sti
157 2330 188 2384 et
201 2318 423 2407 supellectiles
436 2323 590 2406 ipsoram
605 2323 642 2382 in
656 2317 842 2384 Turchiam
857 2317 1081 2406 deportavere.

557 2663 618 2738 45.

51 2857 53 2862 -
102 2774 248 2897 bamque
263 2809 304 2874 ad
323 2807 467 2874 insulam
482 2808 675 2873 devenimus
693 2806 854 2876 Clavem,
877 2823 960 2891 quae
979 2799 1080 2868 latius

101 2915 217 2978 lactus
238 2916 486 2994 iuterpretatur,
509 2915 587 2994 quia
608 2903 892 2995 propterAarem
915 2907 1078 2992 ineptam

100 3015 254 3100 plmibus
276 3011 446 3074 ineusibus
472 3015 552 3074 aum
576 3009 709 3094 lugetur
730 3017 761 3072 et
779 3005 955 3090 lmiguetur
976 3009 1012 3067 in
1029 3026 1079 3084 ea.

60 3107 62 3112 ’
103 3115 193 3194 Quem
214 3117 406 3199 provinciae
428 3113 573 3174 creticae
595 3107 763 3183 adiacens,
788 3104 978 3170 suburbana
994 3105 1080 3170 dicta

103 3227 157 3280 est..
189 3215 244 3280 De
264 3220 389 3276 oriente
403 3211 445 3274 ad
460 3210 637 3274 occiduum
650 3207 729 3272 XL.
741 3212 815 3285 aui„
835 3215 867 3270 et
881 3207 981 3294 plana
994 3229 1078 3296 qua-

102 3323 127 3380 si
145 3339 205 3403 per
218 3325 325 3378 totum
342 3321 455 3376 exstat.
498 3309 555 3374 Ad
569 3307 744 3376 meridiem
757 3330 836 3374 vero
852 3320 983 3374 montes
1003 3331 1079 3372 oer-

101 3425 210 3482 nimus
225 3415 394 3487 sublimes,
415 3409 585 3498 inquibus
601 3409 724 3496 oppida
738 3422 832 3474 eraut
846 3410 969 3482 Petra,
983 3411 1077 3476 cae-

100 3521 183 3596 nia,
206 3528 304 3604 atque
324 3515 407 3578 Pili·
420 3509 510 3598 quod
531 3508 631 3576 hodie
652 3510 851 3598 Peripacon
873 3511 996 3576 dicunt.
1037 3510 1080 3576 ln.

101 3618 275 3704 superficie
288 3639 366 3681 vero
383 3614 506 3678 altioris
519 3614 652 3687 montis,
674 3607 838 3676 Dicaeus
852 3610 975 3687 dictus,
997 3633 1076 3696 mu-

98 3723 300 3782 uilissimum
322 3720 488 3780 exstiterat
511 3721 671 3788 castrum,
696 3717 732 3776 iu
754 3734 820 3798 quo
840 3710 939 3774 hodie
959 3715 1075 3774 cister-

99 3842 160 3884 nae
180 3827 341 3905 apparent
358 3836 457 3902 quam
480 3811 654 3900 plurimae.
699 3811 851 3899 Canaque
869 3810 909 3873 ad
929 3809 1077 3891 radicem

100 3920 333 3986 descendimus
355 3905 473 3993 lanium
500 3909 628 3978 sautem
647 3909 803 3980 Fandim
824 3916 1028 3999 reperimus,
1057 3933 1077 3974 a
