2742 5182
1006 425 1147 548 ¹05¹·

101 667 137 737 ia
149 653 255 734 radice
271 669 395 732 montis
410 663 463 730 rel
477 670 716 753 promontorii,
738 671 828 754 porti
844 665 911 734 dno
925 664 1081 734 videntur

104 755 229 856 optimi,
254 767 413 855 aquibus
437 772 557 853 magno
580 770 738 856 spelunca
757 769 916 854 habetur,
935 779 967 831 et
984 773 1021 832 in
1043 789 1081 834 ea

103 869 377 933 foecundissimus
396 893 466 933 non
483 869 604 934 desinit
617 867 705 934 fons
715 887 894 950 emanare,
907 881 940 934 et
955 868 1079 956 ubique

101 971 224 1056 lignrun
241 969 331 1034 Alo'e'
345 975 461 1034 crescit
477 983 508 1035 ot
527 969 738 1036 salutiferum
753 969 794 1034 ab
807 969 963 1035 omnibus
975 976 1081 1058 parti-

102 1069 161 1134 bus
181 1071 332 1136 habetur.

558 1439 622 1514 47.

103 1557 203 1664 quta
224 1599 310 1665 hanc
329 1601 446 1670 Herro
468 1599 579 1668 insula
598 1613 776 1666 montuosa
798 1599 909 1679 valde,
932 1620 969 1662 ao
990 1621 1082 1663 mar·

101 1721 210 1764 morea
228 1715 350 1782 exstat,
374 1728 458 1792 quae
473 1706 515 1770 ad
532 1711 694 1768 orientem
713 1701 885 1766 castellum
896 1705 1085 1764 munitissi-

101 1821 192 1866 mum
212 1804 329 1886 habet,
351 1807 410 1872 ubi
431 1829 547 1874 omnes
569 1804 680 1874 coloni
699 1814 893 1868 recreantur
912 1809 950 1866 in
968 1811 1082 1880 nocte,

102 1913 137 1964 ut
154 1925 269 1970 secure
292 1920 469 1994 patosoaut.
511 1908 556 1974 Et
578 1907 622 1971 ud
641 1916 793 1969 austrum
813 1903 944 1990 lepidus
962 1915 1081 1990 portus

102 2015 181 2082 erat,
202 2007 263 2071 ubi
281 2010 363 2074 olim
377 2015 489 2073 civitas
507 2007 672 2074 eminebat
688 2011 724 2068 in
737 2017 834 2070 nocte
856 2015 888 2068 et
906 2004 1027 2091 planus
1046 2010 1083 2068 in

101 2106 263 2172 radicibus
278 2115 348 2174 eius
363 2108 592 2196 ampliabatur.
635 2107 671 2172 Si
692 2106 733 2170 ad
750 2106 934 2176 ,occiduum
954 2111 1082 2192 pergis,

100 2202 239 2272 Ferado
265 2216 357 2274 sinus
381 2211 471 2276 illico
491 2210 664 2297 panditur,
694 2217 725 2270 et
747 2207 910 2296 oppidum
927 2207 1083 2272 Pantini

102 2304 222 2374 dictum
246 2310 327 2376 olim
347 2318 513 2375 ceruimus
536 2310 728 2375 desolatum.
772 2309 815 2372 Et
830 2314 876 2372 sie
892 2331 955 2394 per
973 2318 1081 2376 totum

101 2422 275 2488 montuosa
290 2413 426 2488 dibitur,
448 2435 531 2499 quae
545 2410 670 2475 XVIII.
684 2407 741 2473 mi.
757 2416 835 2489 cir.;
864 2419 896 2473 ei
911 2410 953 2474 ad
971 2416 1083 2474 omnia

101 2511 134 2569 in
148 2533 206 2574 suo
221 2513 329 2598 gradu
344 2518 451 2598 ipsam
464 2512 702 2577 fertilissimam
716 2522 920 2597 reputamus.
963 2510 1002 2574 In
1016 2533 1082 2598 qua

100 2607 226 2696 lignum
241 2611 331 2680 Alo'e'
345 2614 551 2702 recolligitur
570 2623 603 2677 ot
617 2612 857 2678 mercatoribus
874 2613 1026 2678 venditur
1046 2616 1083 2678 in

103 2733 197 2780 anne.

482 2875 691 2892 m

562 3045 626 3119 48.

117 3163 353 3274 Tracmimus
379 3210 420 3274 do
442 3209 575 3289 He1r03
605 3229 704 3272 nunc
726 3207 766 3272 ad
792 3207 967 3276 Paehmos
988 3220 1082 3278 veni-

106 3325 195 3389 mus,
216 3316 254 3375 in
269 3333 368 3397 quam
381 3310 561 3388 Iohannes,
585 3307 709 3374 Christi
727 3310 928 3399 discipulus,
950 3315 992 3378 nd
1012 3323 1085 3381 oxi-

105 3407 202 3490 lium,
227 3423 378 3498 tempore
395 3412 602 3490 Domitiani,
623 3409 855 3498 Imperatoris,
879 3420 1001 3482 missus
1020 3431 1084 3500 est,

106 3521 136 3572 et
155 3517 327 3601 inportu,
350 3519 386 3577 in
406 3512 528 3600 angulo
550 3513 711 3600 quodam,
739 3519 812 3600 ipso
835 3516 887 3579 die
900 3517 1084 3601 dominico,

105 3624 216 3700 raptus
234 3621 271 3679 in
292 3619 428 3700 spititu,
448 3636 568 3700 magna
588 3625 685 3700 atque
706 3637 825 3679 arcana
843 3617 883 3680 de
901 3628 1084 3704 praesenti-

105 3711 233 3802 busque
257 3715 379 3796 futuris
396 3714 477 3778 vidit
497 3715 771 3802 contemplando,
794 3727 825 3779 et
848 3715 972 3784 librum
986 3719 1086 3807 Apo-

107 3814 278 3901 calypseos
293 3816 456 3894 scribens,
477 3816 574 3880 nobis
587 3817 692 3880 multa
705 3818 870 3883 revelavit.
912 3819 951 3883 Iu
966 3821 1084 3890 eodem

108 3915 248 4006 denique
267 3929 435 4003 tempore,
458 3927 593 3982 mortuo
608 3917 818 3997 Domitiano,
841 3924 877 3982 in
896 3919 1084 4009 Ephesum,

108 4014 204 4086 bodie
218 4015 311 4088 Alco
326 4021 410 4086 loco
425 4019 560 4101 dictum,
581 4017 746 4086 Iohannes
758 4027 886 4110 magius
897 4021 1084 4092 honoribus
