2764 5182
1040 446 1089 518 21

98 634 209 710 thica
236 629 395 734 aliaque
423 639 555 710 omnia
583 640 753 738 quaein
786 655 945 737 promtu
981 655 1093 714 erant

92 769 306 844 cardinali
340 768 427 846 fuse
459 776 664 852 enarravit.
717 776 829 850 Haec
856 772 989 874 qualia
1015 778 1092 854 sint

98 935 211 984 nunc
230 906 442 1016 videamus.

532 1145 565 1248 s.
596 1156 657 1225 17.

320 1314 353 1384 lt.
396 1311 673 1382 Bondelmoutii
697 1316 866 1382 eruditio.

178 1515 326 1613 Quoad
353 1518 527 1609 Insulas,
564 1545 661 1619 quas
689 1543 874 1619 praesens
899 1515 1087 1594 lustrave-

95 1672 177 1747 rat,
211 1658 255 1727 in
280 1655 579 1758 Geographicis
608 1658 922 1735 accuratissimus
956 1671 1087 1729 estut

95 1795 203 1866 tastis
226 1789 430 1882 oculatus,
456 1789 528 1863 sed
551 1789 621 1863 ubi
645 1790 688 1863 in
713 1793 982 1865 continentem
1003 1807 1084 1864 ter-

94 1954 180 2002 ram
218 1923 393 2019 aberrat,
434 1922 584 2027 ubique
616 1924 699 2000 fere
738 1930 907 2028 pessime
938 1923 1085 2000 labitur

95 2068 150 2158 (v.
167 2081 250 2136 not.
266 2065 350 2137 inc
373 2059 465 2159 45).
515 2063 564 2134 Et
585 2059 687 2136 haec
707 2079 875 2163 estpars
899 2057 990 2132 libri
1005 2061 1085 2134 uti-

92 2199 252 2274 lissima.
323 2192 490 2296 Effigies
517 2197 756 2302 insularum,
796 2195 892 2271 alias
924 2193 1081 2274 tabulas

92 2331 380 2437 geographicas
410 2327 560 2406 addidit
588 2332 749 2432 singulis
780 2331 974 2432 capitibus
1003 2336 1084 2409 sin·

92 2471 227 2573 gulas,
264 2491 433 2570 quarum
463 2465 615 2568 aliquas
647 2493 669 2544 e
701 2467 803 2541 Cod.
820 2469 866 2543 A.
893 2487 1079 2545 accurate

90 2629 298 2709 expressas
330 2607 722 2704 repraesentavimus.
758 2641 814 2661 ·-·
866 2607 912 2678 In
935 2607 1111 2692 Histo-,

89 2750 160 2818 ria
185 2745 308 2816 mirae
334 2759 419 2816 erat
443 2741 692 2841 ignorantiae
717 2742 988 2842 institiaeque.
1020 2781 1079 2801 «-

87 2883 135 2954 ln
159 2877 358 2977 Mytlzicis
381 2875 637 2976 allegoricam
658 2876 720 2948 sni
744 2878 931 2973 temporis
959 2880 1080 2951 inter·

87 3010 277 3117 pretendi
315 3013 512 3085 rationem
553 3027 732 3102 secutus,
775 3011 933 3110 saepius
967 3013 1079 3110 inge·

87 3155 203 3223 niosa
235 3144 387 3248 profert
420 3164 660 3238 commenta,
702 3144 962 3246 sagacissimis
995 3147 1074 3224 illis

90 3283 300 3376 Creuzeri,
340 3284 462 3381 Hugii
495 3281 744 3382 aliorumque
784 3283 929 3382 passim
967 3281 1077 3358 haud

91 3423 254 3495 omnino
289 3417 465 3518 indigna.
525 3419 595 3490 Ita
619 3414 773 3492 fabulas
806 3435 990 3494 recenset
1025 3417 1078 3495 de

88 3557 310 3648 Mercurio,
344 3579 379 3628 c.
397 3566 446 3638 28
456 3579 469 3650 3
503 3551 552 3626 de
568 3553 723 3645 Diana,
750 3577 786 3627 c.
806 3563 879 3650 3²3
913 3553 963 3627 de
979 3557 1078 3630 Bac-

90 3693 188 3785 cho,
216 3719 252 3768 c.
270 3703 340 3789 373
376 3687 425 3762 de
444 3687 624 3779 lunone,
657 3711 692 3762 c.
710 3697 780 3775 545
819 3686 869 3761 de
894 3687 1075 3781 Venere,
1181 3716 1183 3722 ¹

90 3857 125 3907 c.
143 3855 190 3929 93
227 3827 277 3902 de
300 3825 499 3916 Minerva,
526 3848 645 3921 c.12;
682 3822 732 3896 de
758 3819 924 3917 Cybele,
953 3849 986 3897 c.
1005 3837 1075 3921 233

91 3964 141 4042 de
157 3968 289 4056 Pane,
320 3971 434 4050 c.24;
462 3957 727 4060 chpolline,
755 3972 871 4057 o.25;
905 3982 1075 4060 quorum
