2742 5182
338 419 411 492 tot

333 611 372 677 In
386 611 506 698 quibas
523 634 621 699 saepo
642 620 773 702 saepius
791 621 915 703 piratae
931 617 1127 687 Turoorum
1147 638 1301 710 vagantur,

333 714 455 788 donec,
476 716 618 778 consulti
632 739 732 803 aluam
750 721 880 803 possint
893 723 980 784 viam
997 743 1116 807 capere
1129 725 1301 806 meliorem,

333 814 515 878 discedunt.
557 815 670 880 Prima
693 823 799 890 estin
820 822 877 880 cir.
898 824 955 883 mi.
975 821 1068 900 xli,
1092 827 1235 890 secunda
1252 826 1301 892 IV.

331 914 367 980 A
381 916 500 1002 quibus
522 916 564 980 ad
588 939 625 980 oe
643 918 858 982 Palatorum
879 923 1037 999 intratur,
1061 935 1093 990 et
1112 948 1174 1011 per
1188 925 1302 992 flumen

331 1023 396 1081 cito
411 1022 448 1078 in
460 1016 580 1080 urbem
594 1017 770 1083 deventum
785 1031 843 1097 est,
869 1044 953 1107 quae
968 1046 987 1086 a
1000 1025 1225 1108 palatiis'olim
1238 1049 1302 1094 ma-

330 1117 458 1202 gnificis
474 1140 599 1182 nomen
616 1126 759 1206 accepit,
784 1121 843 1186 ubi
856 1123 948 1186 lacus
967 1129 1003 1188 in
1021 1124 1130 1190 hieme
1146 1133 1300 1192 maximus

330 1217 467 1282 effectus
489 1230 552 1296 est,
578 1230 610 1282 et
630 1230 719 1284 tanta
738 1228 834 1307 eopia
856 1229 1066 1314 pisciumque
1089 1227 1302 1310 anguillarum

328 1324 543 1404 reperiuntur
559 1326 594 1383 in
608 1341 663 1397 eo,
687 1344 770 1410 quae
784 1323 907 1410 ubique
926 1323 1192 1406 trarisfernntur3
1214 1337 1246 1392 et
1257 1327 1301 1392 bi·

328 1441 437 1484 remes
458 1419 592 1498 abhinc,
615 1443 675 1506 per
693 1424 818 1487 insulas
836 1424 1051 1504 devastando,
1074 1447 1174 1513 saepe
1188 1433 1223 1491 in
1238 1451 1302 1490 ma-

327 1521 427 1586 nibus
456 1520 599 1588 fratrum
629 1525 678 1588 Sti
691 1564 708 1576 ·
721 1524 943 1615 Iohannisquo
971 1525 1183 1594 Venetorum
1211 1528 1301 1594 ‹leve-

327 1628 439 1701 niuut,
464 1633 495 1687 et
511 1623 552 1689 ab
570 1629 615 1688 eis
632 1625 674 1688 ad
690 1625 845 1690 infimum
861 1625 1080 1692 deducuntur.

717 1802 926 1819 n-n—-u-

785 1971 849 2046 54.

326 2111 394 2218 N
386 2173 429 2214 on
442 2149 540 2234 longe
555 2171 574 2215 a
588 2171 690 2234 snpra
705 2127 798 2212 die'tis
819 2149 954 2227 insulis,
979 2147 1106 2213 Samos
1126 2147 1237 2216 insula
1254 2156 1300 2214 in-

325 2257 472 2328 venitur,
505 2273 623 2334 parum
643 2274 661 2330 a
682 2256 862 2315 continenti
884 2250 1025 2328 distans,
1054 2271 1138 2336 quae
1157 2261 1301 2336 tempore

325 2352 478 2416 Deorum
503 2351 688 2414 Gentilium
708 2352 957 2418 existimabatur
975 2356 1012 2414 in
1035 2355 1164 2414 cuncus
1181 2353 1301 2416 sacrifi·
1351 2419 1352 2424 ,

325 2461 383 2518 ciis
410 2454 600 2528 sublimior,
627 2465 805 2518 tuncrum
828 2457 964 2526 societas
988 2461 1136 2528 inanima
1156 2453 1301 2540 philoso·
1351 2453 1352 2484 ³

322 2555 469 2644 pirorum
485 2554 641 2638 regnabat
656 2559 692 2618 in
709 2569 761 2617 ea.¹
801 2551 894 2631 Quae
920 2553 1122 2618 circumdata
1140 2554 1302 2618 altissimis

322 2656 491 2722 montibus
506 2654 657 2719 LXXX.
676 2659 803 2720 cir.1ni.
820 2665 852 2718 ot
864 2654 963 2739 longa
979 2654 1019 2717 de
1041 2649 1235 2719 otiente'ad
1251 2677 1303 2719 oc-

322 2759 469 2822 ciduum.
522 2756 577 2821 Ex
597 2779 664 2820 urta
687 2769 783 2843 atque
803 2754 905 2819 altera
929 2766 1021 2841 parte
1043 2767 1179 2840 portus,
1215 2762 1302 2848 aquis

320 2858 543 2944 ‘frigidissimis
559 2859 803 2933 emanantibus,
824 2862 1022 2941 reperimus
1060 2855 1119 2923 Ad
1131 2858 1304 2922 meridiem

320 2966 454 3023 veroin
475 2959 574 3044 plano
594 2965 687 3024 iuxta
701 2975 792 3022 mare
810 2957 985 3042 magnilica
1005 2959 1153 3022 exstabat
1175 2965 1304 3034 civitas,

321 3070 354 3122 et
373 3069 458 3120 tanta
474 3064 572 3121 ruina
589 3057 881 3144 aedificiorumque
897 3057 1131 3122 oolamnamnn
1146 3045 1304 3135 cernitur,

322 3160 412 3245 quod
428 3180 487 3242 por
504 3157 592 3221 diem
612 3158 817 3242 impossibile
837 3151 924 3224 foret¹
940 3159 982 3221 ad
1001 3160 1220 3224 narrandum.
1265 3160 1306 3223 Et
1350 3179 1351 3192 ¹

320 3259 367 3324 ibi
381 3259 545 3344 templum
557 3259 693 3323 lunonis
707 3264 901 3336 maximum,
911 3261 1122 3346 amplissimis
1137 3261 1306 3328 columnis

321 3370 484 3435 eremium,
507 3370 544 3422 ut
565 3360 684 3424 dieitur
704 3359 824 3440 fuisse,
849 3367 925 3449 qaia
951 3360 1072 3446 elligies
1101 3366 1174 3426 eius
1197 3383 1307 3448 prope
1350 3391 1351 3458 a

321 3464 448 3549 sculpta
470 3471 547 3524 erat.
589 3459 718 3546 Regina
737 3485 814 3526 cnm
836 3472 983 3548 sceptro,
1008 3473 1039 3525 et
1055 3467 1092 3525 in
1113 3469 1225 3547 eapite
1242 3485 1307 3526 nu-

318 3565 394 3643 bes,
428 3568 486 3626 iris
514 3585 556 3626 ex
580 3574 785 3641 transverse,
819 3585 965 3648 pavones
992 3568 1028 3626 in
1061 3564 1203 3646 pedibus
1236 3569 1307 3629 eius

317 3664 523 3742 lambebant,
547 3676 579 3730 et
597 3665 671 3728 ialeo
694 3686 768 3726 ares
789 3663 879 3725 illius
894 3664 1007 3728 dictae.
1050 3664 1135 3727 Iuno
1158 3667 1220 3729 a'e‘r
1244 3676 1307 3740 est,

318 3779 350 3832 et
365 3789 461 3830 soror
475 3777 506 3828 et
519 3787 607 3828 arnor
615 3765 712 3838 levir,
729 3769 749 3826 i.
759 3785 786 3826 e.
802 3769 905 3849 ignis,
927 3787 1026 3840 uxor,
1039 3769 1117 3853 quia
1133 3765 1199 3828 sub
1219 3788 1262 3830 eo
1280 3775 1308 3826 et

319 3870 361 3934 ab
376 3891 416 3932 eo
432 3868 576 3930 calorem
589 3870 709 3948 accipit
722 3875 754 3926 et
767 3871 871 3928 nutrit
887 3863 1063 3943 inferiora,
1086 3887 1205 3944 soror,
1232 3871 1310 3954 quia

314 3991 425 4061 prope
447 3989 525 4035 eum
540 3978 605 4051 est,
627 3971 738 4053 virgo,
757 3966 894 4055 quiade
913 3968 990 4032 aere
1005 3965 1091 4034 nihil
1105 3971 1176 4032 exit
1197 3978 1236 4032 et
1249 3988 1310 4032 na-
