<?xml version="1.0" encoding="UTF-8"?>
<!DOCTYPE html PUBLIC "-//W3C//DTD XHTML 1.0 Transitional//EN"
    "http://www.w3.org/TR/xhtml1/DTD/xhtml1-transitional.dtd">
<html xmlns="http://www.w3.org/1999/xhtml" xml:lang="en" lang="en">
 <head>
  <title>
</title>
<meta http-equiv="Content-Type" content="text/html;charset=utf-8" />
  <meta name='ocr-system' content='tesseract 3.04.00' />
  <meta name='ocr-capabilities' content='ocr_page ocr_carea ocr_par ocr_line ocrx_word'/>
</head>
<body>
  <div class='ocr_page' id='page_1' title='image "./christophbondel00buongoog_0083.png"; bbox 0 0 2742 5182; ppageno 0'>
   <div class='ocr_carea' id='block_1_1' title="bbox 259 392 311 517">
    <p class='ocr_par' dir='ltr' id='par_1_1' title="bbox 259 392 311 517">
     <span class='ocr_line' id='line_1_1' title="bbox 259 392 311 517; baseline 0 -43"><span class='ocrx_word' id='word_1_1' title='bbox 259 392 311 517; x_wconf 79' lang='lat' dir='ltr'>n</span> 
     </span>
    </p>
   </div>
   <div class='ocr_carea' id='block_1_2' title="bbox 258 555 1364 682">
    <p class='ocr_par' dir='ltr' id='par_1_2' title="bbox 258 555 1364 682">
     <span class='ocr_line' id='line_1_2' title="bbox 258 555 1364 682; baseline -0.017 -22"><span class='ocrx_word' id='word_1_2' title='bbox 258 555 543 682; x_wconf 75' lang='lat' dir='ltr'>riaeApollona</span> <span class='ocrx_word' id='word_1_3' title='bbox 558 585 700 656; x_wconf 85' lang='lat' dir='ltr'>babetur</span> <span class='ocrx_word' id='word_1_4' title='bbox 715 585 887 655; x_wconf 78' lang='lat' dir='ltr'>mlraoulls</span> <span class='ocrx_word' id='word_1_5' title='bbox 905 583 1032 652; x_wconf 80' lang='lat' dir='ltr'>multis.</span> <span class='ocrx_word' id='word_1_6' title='bbox 1073 579 1132 651; x_wconf 78' lang='lat' dir='ltr'>Ad</span> <span class='ocrx_word' id='word_1_7' title='bbox 1146 589 1256 676; x_wconf 68' lang='lat' dir='ltr'>quln-</span> <span class='ocrx_word' id='word_1_8' title='bbox 1363 579 1364 622; x_wconf 72' lang='lat' dir='ltr'>l</span> 
     </span>
    </p>
   </div>
   <div class='ocr_carea' id='block_1_3' title="bbox 166 686 1256 2290">
    <p class='ocr_par' dir='ltr' id='par_1_3' title="bbox 166 686 1256 2290">
     <span class='ocr_line' id='line_1_3' title="bbox 259 686 1256 779; baseline -0.006 -21"><span class='ocrx_word' id='word_1_9' title='bbox 259 704 333 758; x_wconf 89' lang='lat' dir='ltr'>tum</span> <span class='ocrx_word' id='word_1_10' title='bbox 353 693 495 758; x_wconf 86' lang='lat' dir='ltr'>milliare</span> <span class='ocrx_word' id='word_1_11' title='bbox 515 713 623 779; x_wconf 90' lang='lat' dir='ltr'>prope</span> <span class='ocrx_word' id='word_1_12' title='bbox 643 696 806 757; x_wconf 79' lang='lat' dir='ltr'>civitatem</span> <span class='ocrx_word' id='word_1_13' title='bbox 820 696 857 754; x_wconf 91' lang='lat' dir='ltr'>in</span> <span class='ocrx_word' id='word_1_14' title='bbox 871 700 986 754; x_wconf 88' lang='lat' dir='ltr'>monte</span> <span class='ocrx_word' id='word_1_15' title='bbox 1001 686 1178 754; x_wconf 81' lang='lat' dir='ltr'>Filemus</span> <span class='ocrx_word' id='word_1_16' title='bbox 1199 697 1256 754; x_wconf 86' lang='lat' dir='ltr'>est</span> 
     </span>
     <span class='ocr_line' id='line_1_4' title="bbox 260 793 1254 881; baseline -0.003 -23"><span class='ocrx_word' id='word_1_17' title='bbox 260 795 425 881; x_wconf 83' lang='lat' dir='ltr'>oppidum</span> <span class='ocrx_word' id='word_1_18' title='bbox 438 805 471 858; x_wconf 87' lang='lat' dir='ltr'>et</span> <span class='ocrx_word' id='word_1_19' title='bbox 482 793 632 858; x_wconf 89' lang='lat' dir='ltr'>Domina</span> <span class='ocrx_word' id='word_1_20' title='bbox 645 796 799 856; x_wconf 89' lang='lat' dir='ltr'>omnium</span> <span class='ocrx_word' id='word_1_21' title='bbox 812 795 994 876; x_wconf 75' lang='lat' dir='ltr'>gratiuum</span> <span class='ocrx_word' id='word_1_22' title='bbox 1006 806 1105 874; x_wconf 88' lang='lat' dir='ltr'>saepe</span> <span class='ocrx_word' id='word_1_23' title='bbox 1113 795 1254 854; x_wconf 68' lang='lat' dir='ltr'>⁴visitata</span> 
     </span>
     <span class='ocr_line' id='line_1_5' title="bbox 259 889 1254 978; baseline -0.004 -20"><span class='ocrx_word' id='word_1_24' title='bbox 259 895 417 959; x_wconf 83' lang='lat' dir='ltr'>adoratur</span> <span class='ocrx_word' id='word_1_25' title='bbox 432 918 451 960; x_wconf 89' lang='lat' dir='ltr'>a</span> <span class='ocrx_word' id='word_1_26' title='bbox 463 895 587 960; x_wconf 88' lang='lat' dir='ltr'>multis.</span> <span class='ocrx_word' id='word_1_27' title='bbox 631 891 768 956; x_wconf 88' lang='lat' dir='ltr'><strong>Abhinc</strong></span> <span class='ocrx_word' id='word_1_28' title='bbox 783 897 885 978; x_wconf 83' lang='lat' dir='ltr'>igitur</span> <span class='ocrx_word' id='word_1_29' title='bbox 899 890 988 975; x_wconf 87' lang='lat' dir='ltr'>leges</span> <span class='ocrx_word' id='word_1_30' title='bbox 1001 889 1170 954; x_wconf 81' lang='lat' dir='ltr'>navalium</span> <span class='ocrx_word' id='word_1_31' title='bbox 1186 889 1254 954; x_wconf 77' lang='lat' dir='ltr'>ha-</span> 
     </span>
     <span class='ocr_line' id='line_1_6' title="bbox 259 989 1253 1080; baseline -0.006 -20"><span class='ocrx_word' id='word_1_32' title='bbox 259 995 373 1060; x_wconf 91' lang='lat' dir='ltr'>buisse</span> <span class='ocrx_word' id='word_1_33' title='bbox 389 996 545 1060; x_wconf 83' lang='lat' dir='ltr'>videntur</span> <span class='ocrx_word' id='word_1_34' title='bbox 558 997 732 1080; x_wconf 78' lang='lat' dir='ltr'>originem.</span> <span class='ocrx_word' id='word_1_35' title='bbox 773 994 819 1060; x_wconf 86' lang='lat' dir='ltr'>Et</span> <span class='ocrx_word' id='word_1_36' title='bbox 831 1002 927 1056; x_wconf 87' lang='lat' dir='ltr'>natus</span> <span class='ocrx_word' id='word_1_37' title='bbox 941 989 1169 1078; x_wconf 80' lang='lat' dir='ltr'>Apollonius</span> <span class='ocrx_word' id='word_1_38' title='bbox 1188 993 1253 1076; x_wconf 91' lang='lat' dir='ltr'>qui</span> 
     </span>
     <span class='ocr_line' id='line_1_7' title="bbox 260 1091 1253 1181; baseline -0.006 -21"><span class='ocrx_word' id='word_1_39' title='bbox 260 1097 302 1162; x_wconf 92' lang='lat' dir='ltr'>de</span> <span class='ocrx_word' id='word_1_40' title='bbox 324 1106 399 1160; x_wconf 88' lang='lat' dir='ltr'>octo</span> <span class='ocrx_word' id='word_1_41' title='bbox 422 1094 573 1181; x_wconf 74' lang='lat' dir='ltr'>partibus</span> <span class='ocrx_word' id='word_1_42' title='bbox 596 1097 754 1158; x_wconf 83' lang='lat' dir='ltr'>orationis</span> <span class='ocrx_word' id='word_1_43' title='bbox 776 1098 813 1156; x_wconf 86' lang='lat' dir='ltr'>iu</span> <span class='ocrx_word' id='word_1_44' title='bbox 831 1113 950 1178; x_wconf 80' lang='lat' dir='ltr'>graeco</span> <span class='ocrx_word' id='word_1_45' title='bbox 978 1091 1067 1156; x_wconf 89' lang='lat' dir='ltr'>laute</span> <span class='ocrx_word' id='word_1_46' title='bbox 1093 1099 1253 1154; x_wconf 74' lang='lat' dir='ltr'>tractans.</span> 
     </span>
     <span class='ocr_line' id='line_1_8' title="bbox 258 1189 1254 1280; baseline -0.007 -19"><span class='ocrx_word' id='word_1_47' title='bbox 258 1193 317 1261; x_wconf 88' lang='lat' dir='ltr'>Ab</span> <span class='ocrx_word' id='word_1_48' title='bbox 340 1217 380 1258; x_wconf 93' lang='lat' dir='ltr'>eo</span> <span class='ocrx_word' id='word_1_49' title='bbox 403 1193 617 1260; x_wconf 83' lang='lat' dir='ltr'><em>Priscianus</em></span> <span class='ocrx_word' id='word_1_50' title='bbox 640 1201 783 1260; x_wconf 78' lang='lat' dir='ltr'><strong>extraxit</strong></span> <span class='ocrx_word' id='word_1_51' title='bbox 801 1193 907 1258; x_wconf 82' lang='lat' dir='ltr'>multa</span> <span class='ocrx_word' id='word_1_52' title='bbox 929 1202 962 1256; x_wconf 89' lang='lat' dir='ltr'>et</span> <span class='ocrx_word' id='word_1_53' title='bbox 984 1191 1049 1256; x_wconf 83' lang='lat' dir='ltr'>sibi</span> <span class='ocrx_word' id='word_1_54' title='bbox 1072 1189 1254 1280; x_wconf 76' lang='lat' dir='ltr'>adaptavit.</span> 
     </span>
     <span class='ocr_line' id='line_1_9' title="bbox 166 1285 1253 1383; baseline -0.008 -20"><span class='ocrx_word' id='word_1_55' title='bbox 166 1290 190 1352; x_wconf 57' lang='grc' dir='ltr'>ἦ</span> <span class='ocrx_word' id='word_1_56' title='bbox 266 1297 407 1362; x_wconf 81' lang='lat' dir='ltr'>Tullius</span> <span class='ocrx_word' id='word_1_57' title='bbox 430 1295 588 1382; x_wconf 89' lang='lat' dir='ltr'>denique,</span> <span class='ocrx_word' id='word_1_58' title='bbox 618 1301 815 1383; x_wconf 80' lang='lat' dir='ltr'>perveniens</span> <span class='ocrx_word' id='word_1_59' title='bbox 837 1299 874 1358; x_wconf 91' lang='lat' dir='ltr'>in</span> <span class='ocrx_word' id='word_1_60' title='bbox 899 1294 987 1358; x_wconf 86' lang='lat' dir='ltr'>hano</span> <span class='ocrx_word' id='word_1_61' title='bbox 1009 1285 1146 1370; x_wconf 86' lang='lat' dir='ltr'>urbem,</span> <span class='ocrx_word' id='word_1_62' title='bbox 1174 1289 1253 1354; x_wconf 85' lang='lat' dir='ltr'>¹elo-</span> 
     </span>
     <span class='ocr_line' id='line_1_10' title="bbox 253 1393 1252 1487; baseline -0.002 -27"><span class='ocrx_word' id='word_1_63' title='bbox 253 1401 494 1487; x_wconf 79' lang='lat' dir='ltr'>quentissimos</span> <span class='ocrx_word' id='word_1_64' title='bbox 511 1395 721 1468; x_wconf 84' lang='lat' dir='ltr'>Graecorum</span> <span class='ocrx_word' id='word_1_65' title='bbox 737 1393 957 1483; x_wconf 88' lang='lat' dir='ltr'>philosophos</span> <span class='ocrx_word' id='word_1_66' title='bbox 971 1398 1111 1481; x_wconf 75' lang='lat' dir='ltr'>repexit,</span> <span class='ocrx_word' id='word_1_67' title='bbox 1134 1404 1166 1458; x_wconf 89' lang='lat' dir='ltr'>et</span> <span class='ocrx_word' id='word_1_68' title='bbox 1187 1415 1252 1458; x_wconf 86' lang='lat' dir='ltr'>eo·</span> 
     </span>
     <span class='ocr_line' id='line_1_11' title="bbox 256 1497 1252 1583; baseline -0.003 -22"><span class='ocrx_word' id='word_1_69' title='bbox 256 1519 331 1562; x_wconf 83' lang='lat' dir='ltr'>rum</span> <span class='ocrx_word' id='word_1_70' title='bbox 347 1501 392 1559; x_wconf 86' lang='lat' dir='ltr'>eis</span> <span class='ocrx_word' id='word_1_71' title='bbox 408 1506 505 1583; x_wconf 87' lang='lat' dir='ltr'>atque</span> <span class='ocrx_word' id='word_1_72' title='bbox 518 1497 647 1583; x_wconf 87' lang='lat' dir='ltr'>populo</span> <span class='ocrx_word' id='word_1_73' title='bbox 664 1501 849 1561; x_wconf 85' lang='lat' dir='ltr'>orationem</span> <span class='ocrx_word' id='word_1_74' title='bbox 860 1497 1068 1583; x_wconf 86' lang='lat' dir='ltr'>praeclaram</span> <span class='ocrx_word' id='word_1_75' title='bbox 1087 1499 1252 1573; x_wconf 84' lang='lat' dir='ltr'>recitavit,</span> 
     </span>
     <span class='ocr_line' id='line_1_12' title="bbox 213 1595 1253 1687; baseline -0.002 -27"><span class='ocrx_word' id='word_1_76' title='bbox 213 1613 220 1620; x_wconf 86' lang='lat'>·</span> <span class='ocrx_word' id='word_1_77' title='bbox 259 1595 481 1687; x_wconf 85' lang='lat' dir='ltr'>quamobrem</span> <span class='ocrx_word' id='word_1_78' title='bbox 494 1619 513 1660; x_wconf 86' lang='lat' dir='ltr'>a</span> <span class='ocrx_word' id='word_1_79' title='bbox 528 1596 712 1662; x_wconf 85' lang='lat' dir='ltr'>Rhodianis</span> <span class='ocrx_word' id='word_1_80' title='bbox 732 1596 998 1684; x_wconf 76' lang='lat' dir='ltr'>laudabilemque</span> <span class='ocrx_word' id='word_1_81' title='bbox 1016 1617 1176 1684; x_wconf 75' lang='lat' dir='ltr'>magnam</span> <span class='ocrx_word' id='word_1_82' title='bbox 1189 1617 1253 1660; x_wconf 84' lang='lat' dir='ltr'>uc·</span> 
     </span>
     <span class='ocr_line' id='line_1_13' title="bbox 257 1694 1249 1788; baseline -0.002 -26"><span class='ocrx_word' id='word_1_83' title='bbox 257 1703 392 1788; x_wconf 83' lang='lat' dir='ltr'>quisivit</span> <span class='ocrx_word' id='word_1_84' title='bbox 406 1697 549 1762; x_wconf 86' lang='lat' dir='ltr'>laudem.</span> <span class='ocrx_word' id='word_1_85' title='bbox 593 1699 734 1764; x_wconf 83' lang='lat' dir='ltr'>Paulus</span> <span class='ocrx_word' id='word_1_86' title='bbox 749 1702 847 1764; x_wconf 85' lang='lat' dir='ltr'>etiam</span> <span class='ocrx_word' id='word_1_87' title='bbox 860 1694 1046 1784; x_wconf 77' lang='lat' dir='ltr'><strong>Apostolus</strong></span> <span class='ocrx_word' id='word_1_88' title='bbox 1061 1699 1103 1764; x_wconf 86' lang='lat' dir='ltr'>ad</span> <span class='ocrx_word' id='word_1_89' title='bbox 1122 1697 1249 1762; x_wconf 81' lang='lat' dir='ltr'>Colos-</span> 
     </span>
     <span class='ocr_line' id='line_1_14' title="bbox 257 1797 1250 1886; baseline -0.002 -22"><span class='ocrx_word' id='word_1_90' title='bbox 257 1819 378 1866; x_wconf 74' lang='lat' dir='ltr'>tenses</span> <span class='ocrx_word' id='word_1_91' title='bbox 401 1798 575 1882; x_wconf 80' lang='lat' dir='ltr'>epistolam</span> <span class='ocrx_word' id='word_1_92' title='bbox 599 1805 715 1878; x_wconf 86' lang='lat' dir='ltr'>mittit,</span> <span class='ocrx_word' id='word_1_93' title='bbox 736 1804 772 1863; x_wconf 91' lang='lat' dir='ltr'>in</span> <span class='ocrx_word' id='word_1_94' title='bbox 792 1797 876 1863; x_wconf 90' lang='lat' dir='ltr'>Asia</span> <span class='ocrx_word' id='word_1_95' title='bbox 893 1805 1024 1864; x_wconf 90' lang='lat' dir='ltr'>minore</span> <span class='ocrx_word' id='word_1_96' title='bbox 1041 1803 1191 1886; x_wconf 73' lang='lat' dir='ltr'>positus,</span> <span class='ocrx_word' id='word_1_97' title='bbox 1214 1807 1250 1862; x_wconf 88' lang='lat' dir='ltr'>et</span> 
     </span>
     <span class='ocr_line' id='line_1_15' title="bbox 256 1896 1251 1967; baseline -0.002 -3"><span class='ocrx_word' id='word_1_98' title='bbox 256 1921 349 1964; x_wconf 87' lang='lat' dir='ltr'>nuno</span> <span class='ocrx_word' id='word_1_99' title='bbox 361 1920 382 1962; x_wconf 87' lang='lat' dir='ltr'>a</span> <span class='ocrx_word' id='word_1_100' title='bbox 396 1896 537 1962; x_wconf 84' lang='lat' dir='ltr'>Colosso</span> <span class='ocrx_word' id='word_1_101' title='bbox 551 1898 719 1964; x_wconf 88' lang='lat' dir='ltr'>Rhodiani</span> <span class='ocrx_word' id='word_1_102' title='bbox 731 1900 946 1967; x_wconf 78' lang='lat' dir='ltr'>colossenses</span> <span class='ocrx_word' id='word_1_103' title='bbox 960 1899 1154 1964; x_wconf 77' lang='lat' dir='ltr'>scribuntur</span> <span class='ocrx_word' id='word_1_104' title='bbox 1166 1897 1251 1962; x_wconf 85' lang='lat' dir='ltr'>ubi·</span> 
     </span>
     <span class='ocr_line' id='line_1_16' title="bbox 258 1997 1250 2089; baseline -0.001 -26"><span class='ocrx_word' id='word_1_105' title='bbox 258 2021 332 2088; x_wconf 90' lang='lat' dir='ltr'>que.</span> <span class='ocrx_word' id='word_1_106' title='bbox 385 1997 536 2077; x_wconf 86' lang='lat' dir='ltr'>Quibus,</span> <span class='ocrx_word' id='word_1_107' title='bbox 568 2011 842 2089; x_wconf 85' lang='lat' dir='ltr'>quotumcunque</span> <span class='ocrx_word' id='word_1_108' title='bbox 856 2001 1003 2088; x_wconf 80' lang='lat' dir='ltr'>pluviae</span> <span class='ocrx_word' id='word_1_109' title='bbox 1029 2006 1111 2077; x_wconf 91' lang='lat' dir='ltr'>sint,</span> <span class='ocrx_word' id='word_1_110' title='bbox 1140 1997 1250 2077; x_wconf 88' lang='lat' dir='ltr'>semel</span> 
     </span>
     <span class='ocr_line' id='line_1_17' title="bbox 257 2100 1249 2190; baseline 0.002 -26"><span class='ocrx_word' id='word_1_111' title='bbox 257 2106 294 2165; x_wconf 91' lang='lat' dir='ltr'>in</span> <span class='ocrx_word' id='word_1_112' title='bbox 307 2100 359 2164; x_wconf 87' lang='lat' dir='ltr'>die</span> <span class='ocrx_word' id='word_1_113' title='bbox 374 2100 425 2163; x_wconf 92' lang='lat' dir='ltr'>sol</span> <span class='ocrx_word' id='word_1_114' title='bbox 439 2112 584 2186; x_wconf 85' lang='lat' dir='ltr'>apparet,</span> <span class='ocrx_word' id='word_1_115' title='bbox 608 2105 720 2166; x_wconf 83' lang='lat' dir='ltr'>etiam</span> <span class='ocrx_word' id='word_1_116' title='bbox 733 2114 808 2166; x_wconf 88' lang='lat' dir='ltr'>octo</span> <span class='ocrx_word' id='word_1_117' title='bbox 823 2112 991 2168; x_wconf 85' lang='lat' dir='ltr'>annorum</span> <span class='ocrx_word' id='word_1_118' title='bbox 1003 2103 1249 2190; x_wconf 72' lang='lat' dir='ltr'>experientium</span> 
     </span>
     <span class='ocr_line' id='line_1_18' title="bbox 258 2200 802 2290; baseline 0.002 -23"><span class='ocrx_word' id='word_1_119' title='bbox 258 2223 326 2268; x_wconf 86' lang='lat' dir='ltr'>nna</span> <span class='ocrx_word' id='word_1_120' title='bbox 342 2223 420 2266; x_wconf 88' lang='lat' dir='ltr'>eum</span> <span class='ocrx_word' id='word_1_121' title='bbox 437 2200 555 2266; x_wconf 83' lang='lat' dir='ltr'>Varro</span> <span class='ocrx_word' id='word_1_122' title='bbox 576 2203 802 2290; x_wconf 75' lang='lat' dir='ltr'>comprobavi.</span> 
     </span>
    </p>
   </div>
   <div class='ocr_carea' id='block_1_4' title="bbox 724 2547 786 2623">
    <p class='ocr_par' dir='ltr' id='par_1_4' title="bbox 724 2547 786 2623">
     <span class='ocr_line' id='line_1_19' title="bbox 724 2547 786 2623; baseline -0.081 1"><span class='ocrx_word' id='word_1_123' title='bbox 724 2547 786 2623; x_wconf 80' lang='lat'>14.</span> 
     </span>
    </p>
   </div>
   <div class='ocr_carea' id='block_1_5' title="bbox 117 2686 1247 3121">
    <p class='ocr_par' dir='ltr' id='par_1_5' title="bbox 117 2686 1247 3121">
     <span class='ocr_line' id='line_1_20' title="bbox 257 2686 1247 2816; baseline 0.002 -28"><span class='ocrx_word' id='word_1_124' title='bbox 257 2686 362 2789; x_wconf 85' lang='lat' dir='ltr'>Erat</span> <span class='ocrx_word' id='word_1_125' title='bbox 377 2724 511 2791; x_wconf 76' lang='lat' dir='ltr'>Saturni</span> <span class='ocrx_word' id='word_1_126' title='bbox 521 2736 680 2816; x_wconf 82' lang='lat' dir='ltr'>tempore</span> <span class='ocrx_word' id='word_1_127' title='bbox 698 2727 780 2792; x_wconf 85' lang='lat' dir='ltr'>haec</span> <span class='ocrx_word' id='word_1_128' title='bbox 800 2725 910 2793; x_wconf 82' lang='lat' dir='ltr'>insula</span> <span class='ocrx_word' id='word_1_129' title='bbox 926 2726 1038 2793; x_wconf 76' lang='lat' dir='ltr'>Simia</span> <span class='ocrx_word' id='word_1_130' title='bbox 1052 2723 1138 2789; x_wconf 83' lang='lat' dir='ltr'>diota</span> <span class='ocrx_word' id='word_1_131' title='bbox 1152 2745 1173 2789; x_wconf 86' lang='lat' dir='ltr'>a</span> <span class='ocrx_word' id='word_1_132' title='bbox 1188 2723 1247 2790; x_wconf 85' lang='lat' dir='ltr'>Si-</span> 
     </span>
     <span class='ocr_line' id='line_1_21' title="bbox 256 2825 1246 2916; baseline 0 -24"><span class='ocrx_word' id='word_1_133' title='bbox 256 2849 355 2894; x_wconf 83' lang='lat' dir='ltr'>mone</span> <span class='ocrx_word' id='word_1_134' title='bbox 375 2827 423 2892; x_wconf 94' lang='lat' dir='ltr'>ibi</span> <span class='ocrx_word' id='word_1_135' title='bbox 445 2828 652 2910; x_wconf 82' lang='lat' dir='ltr'>dominante,</span> <span class='ocrx_word' id='word_1_136' title='bbox 680 2831 736 2896; x_wconf 86' lang='lat' dir='ltr'>vel</span> <span class='ocrx_word' id='word_1_137' title='bbox 761 2853 781 2896; x_wconf 85' lang='lat' dir='ltr'>a</span> <span class='ocrx_word' id='word_1_138' title='bbox 801 2830 951 2895; x_wconf 81' lang='lat' dir='ltr'>Simone</span> <span class='ocrx_word' id='word_1_139' title='bbox 973 2849 1107 2916; x_wconf 85' lang='lat' dir='ltr'>graece,</span> <span class='ocrx_word' id='word_1_140' title='bbox 1141 2825 1246 2892; x_wconf 81' lang='lat' dir='ltr'>latine</span> 
     </span>
     <span class='ocr_line' id='line_1_22' title="bbox 117 2929 1245 3019; baseline 0.002 -29"><span class='ocrx_word' id='word_1_141' title='bbox 117 2941 131 2952; x_wconf 85' lang='lat'>·</span> <span class='ocrx_word' id='word_1_142' title='bbox 217 2973 226 2998; x_wconf 86' lang='lat'><strong>.</strong></span> <span class='ocrx_word' id='word_1_143' title='bbox 255 2931 484 3019; x_wconf 77' lang='lat' dir='ltr'>propinqua,</span> <span class='ocrx_word' id='word_1_144' title='bbox 517 2937 595 3019; x_wconf 90' lang='lat' dir='ltr'>quia</span> <span class='ocrx_word' id='word_1_145' title='bbox 613 2939 707 2998; x_wconf 84' lang='lat' dir='ltr'>iuxta</span> <span class='ocrx_word' id='word_1_146' title='bbox 725 2937 893 2998; x_wconf 88' lang='lat' dir='ltr'>minorem</span> <span class='ocrx_word' id='word_1_147' title='bbox 914 2929 1034 2996; x_wconf 83' lang='lat' dir='ltr'>Asiam</span> <span class='ocrx_word' id='word_1_148' title='bbox 1058 2935 1245 3017; x_wconf 88' lang='lat' dir='ltr'>appropin-</span> 
     </span>
     <span class='ocr_line' id='line_1_23' title="bbox 258 3029 1245 3121; baseline 0.004 -29"><span class='ocrx_word' id='word_1_149' title='bbox 258 3039 354 3117; x_wconf 90' lang='lat' dir='ltr'>quat,</span> <span class='ocrx_word' id='word_1_150' title='bbox 383 3039 431 3107; x_wconf 87' lang='lat' dir='ltr'>et,</span> <span class='ocrx_word' id='word_1_151' title='bbox 459 3036 699 3099; x_wconf 85' lang='lat' dir='ltr'>commercium</span> <span class='ocrx_word' id='word_1_152' title='bbox 723 3055 801 3098; x_wconf 90' lang='lat' dir='ltr'>cum</span> <span class='ocrx_word' id='word_1_153' title='bbox 820 3036 937 3098; x_wconf 81' lang='lat' dir='ltr'>vicinis</span> <span class='ocrx_word' id='word_1_154' title='bbox 963 3029 1113 3121; x_wconf 83' lang='lat' dir='ltr'>habens,</span> <span class='ocrx_word' id='word_1_155' title='bbox 1139 3037 1245 3096; x_wconf 84' lang='lat' dir='ltr'>vitam</span> 
     </span>
    </p>
   </div>
   <div class='ocr_carea' id='block_1_6' title="bbox 256 3128 1245 4026">
    <p class='ocr_par' dir='ltr' id='par_1_6' title="bbox 256 3128 1245 4026">
     <span class='ocr_line' id='line_1_24' title="bbox 257 3128 1244 3222; baseline 0 -28"><span class='ocrx_word' id='word_1_156' title='bbox 257 3150 337 3194; x_wconf 86' lang='lat' dir='ltr'>eum</span> <span class='ocrx_word' id='word_1_157' title='bbox 358 3128 473 3193; x_wconf 90' lang='lat' dir='ltr'>labore</span> <span class='ocrx_word' id='word_1_158' title='bbox 493 3130 677 3197; x_wconf 83' lang='lat' dir='ltr'>trahebant.</span> <span class='ocrx_word' id='word_1_159' title='bbox 720 3131 787 3198; x_wconf 85' lang='lat' dir='ltr'>Sed</span> <span class='ocrx_word' id='word_1_160' title='bbox 800 3142 979 3222; x_wconf 84' lang='lat' dir='ltr'>postquem</span> <span class='ocrx_word' id='word_1_161' title='bbox 999 3129 1111 3196; x_wconf 85' lang='lat' dir='ltr'>anve</span> <span class='ocrx_word' id='word_1_162' title='bbox 1131 3136 1244 3196; x_wconf 82' lang='lat' dir='ltr'>maxi-</span> 
     </span>
     <span class='ocr_line' id='line_1_25' title="bbox 256 3227 1244 3327; baseline 0.003 -32"><span class='ocrx_word' id='word_1_163' title='bbox 256 3251 315 3295; x_wconf 87' lang='lat' dir='ltr'>mo</span> <span class='ocrx_word' id='word_1_164' title='bbox 335 3227 573 3308; x_wconf 85' lang='lat' dir='ltr'>Prometheus,</span> <span class='ocrx_word' id='word_1_165' title='bbox 606 3229 708 3327; x_wconf 81' lang='lat' dir='ltr'>Iapeti</span> <span class='ocrx_word' id='word_1_166' title='bbox 735 3232 842 3311; x_wconf 89' lang='lat' dir='ltr'>filius,</span> <span class='ocrx_word' id='word_1_167' title='bbox 868 3238 905 3298; x_wconf 90' lang='lat' dir='ltr'>in</span> <span class='ocrx_word' id='word_1_168' title='bbox 927 3231 1014 3296; x_wconf 87' lang='lat' dir='ltr'>hanc</span> <span class='ocrx_word' id='word_1_169' title='bbox 1041 3231 1186 3297; x_wconf 86' lang='lat' dir='ltr'>insulam</span> <span class='ocrx_word' id='word_1_170' title='bbox 1209 3236 1244 3298; x_wconf 86' lang='lat' dir='ltr'>vi</span> 
     </span>
     <span class='ocr_line' id='line_1_26' title="bbox 256 3330 1244 3406; baseline 0.006 -12"><span class='ocrx_word' id='word_1_171' title='bbox 256 3335 397 3406; x_wconf 88' lang='lat' dir='ltr'>missus,</span> <span class='ocrx_word' id='word_1_172' title='bbox 422 3330 528 3396; x_wconf 87' lang='lat' dir='ltr'>multa</span> <span class='ocrx_word' id='word_1_173' title='bbox 553 3331 778 3399; x_wconf 84' lang='lat' dir='ltr'>babitantibus</span> <span class='ocrx_word' id='word_1_174' title='bbox 807 3333 1044 3406; x_wconf 78' lang='lat' dir='ltr'>demonstrarit</span> <span class='ocrx_word' id='word_1_175' title='bbox 1069 3332 1244 3400; x_wconf 71' lang='lat' dir='ltr'>advitam</span> 
     </span>
     <span class='ocr_line' id='line_1_27' title="bbox 258 3431 1245 3518; baseline 0 -20"><span class='ocrx_word' id='word_1_176' title='bbox 258 3431 519 3498; x_wconf 82' lang='lat' dir='ltr'>conservandam</span> <span class='ocrx_word' id='word_1_177' title='bbox 532 3431 723 3500; x_wconf 85' lang='lat' dir='ltr'>humanam.</span> <span class='ocrx_word' id='word_1_178' title='bbox 753 3433 831 3513; x_wconf 88' lang='lat' dir='ltr'>Qui,</span> <span class='ocrx_word' id='word_1_179' title='bbox 852 3433 965 3497; x_wconf 77' lang='lat' dir='ltr'>valens</span> <span class='ocrx_word' id='word_1_180' title='bbox 979 3439 1015 3498; x_wconf 88' lang='lat' dir='ltr'>in</span> <span class='ocrx_word' id='word_1_181' title='bbox 1028 3437 1162 3518; x_wconf 79' lang='lat' dir='ltr'>ingenio</span> <span class='ocrx_word' id='word_1_182' title='bbox 1177 3431 1245 3498; x_wconf 53' lang='lat' dir='ltr'>ho*</span> 
     </span>
     <span class='ocr_line' id='line_1_28' title="bbox 256 3532 1245 3620; baseline 0 -22"><span class='ocrx_word' id='word_1_183' title='bbox 256 3537 384 3598; x_wconf 88' lang='lat' dir='ltr'>minem</span> <span class='ocrx_word' id='word_1_184' title='bbox 398 3555 441 3598; x_wconf 80' lang='lat' dir='ltr'>ex</span> <span class='ocrx_word' id='word_1_185' title='bbox 454 3532 525 3597; x_wconf 88' lang='lat' dir='ltr'>luto</span> <span class='ocrx_word' id='word_1_186' title='bbox 545 3533 651 3600; x_wconf 84' lang='lat' dir='ltr'>finxit.</span> <span class='ocrx_word' id='word_1_187' title='bbox 695 3533 939 3616; x_wconf 82' lang='lat' dir='ltr'>Quamobrem,</span> <span class='ocrx_word' id='word_1_188' title='bbox 962 3533 1098 3597; x_wconf 86' lang='lat' dir='ltr'>audiens</span> <span class='ocrx_word' id='word_1_189' title='bbox 1114 3533 1245 3620; x_wconf 86' lang='lat' dir='ltr'>lupiter</span> 
     </span>
     <span class='ocr_line' id='line_1_29' title="bbox 257 3633 1243 3721; baseline -0.002 -21"><span class='ocrx_word' id='word_1_190' title='bbox 257 3641 295 3700; x_wconf 90' lang='lat' dir='ltr'>in</span> <span class='ocrx_word' id='word_1_191' title='bbox 315 3633 455 3700; x_wconf 84' lang='lat' dir='ltr'>Simiam</span> <span class='ocrx_word' id='word_1_192' title='bbox 477 3641 659 3715; x_wconf 83' lang='lat' dir='ltr'>constituit,</span> <span class='ocrx_word' id='word_1_193' title='bbox 688 3647 719 3700; x_wconf 90' lang='lat' dir='ltr'>et</span> <span class='ocrx_word' id='word_1_194' title='bbox 738 3637 785 3702; x_wconf 92' lang='lat' dir='ltr'>ibi</span> <span class='ocrx_word' id='word_1_195' title='bbox 806 3641 906 3699; x_wconf 85' lang='lat' dir='ltr'>vitam</span> <span class='ocrx_word' id='word_1_196' title='bbox 925 3633 1040 3721; x_wconf 69' lang='lat' dir='ltr'>tinini.</span> <span class='ocrx_word' id='word_1_197' title='bbox 1084 3633 1243 3698; x_wconf 83' lang='lat' dir='ltr'>Colentes</span> 
     </span>
     <span class='ocr_line' id='line_1_30' title="bbox 256 3735 1243 3826; baseline -0.004 -24"><span class='ocrx_word' id='word_1_198' title='bbox 256 3742 367 3826; x_wconf 81' lang='lat' dir='ltr'>itaque</span> <span class='ocrx_word' id='word_1_199' title='bbox 385 3735 471 3801; x_wconf 86' lang='lat' dir='ltr'>hano</span> <span class='ocrx_word' id='word_1_200' title='bbox 483 3735 587 3800; x_wconf 50' lang='lat' dir='ltr'>*bodie</span> <span class='ocrx_word' id='word_1_201' title='bbox 607 3743 705 3802; x_wconf 80' lang='lat' dir='ltr'>astuti</span> <span class='ocrx_word' id='word_1_202' title='bbox 718 3742 834 3814; x_wconf 89' lang='lat' dir='ltr'>nimis,</span> <span class='ocrx_word' id='word_1_203' title='bbox 857 3740 926 3799; x_wconf 91' lang='lat' dir='ltr'>suis</span> <span class='ocrx_word' id='word_1_204' title='bbox 942 3735 1072 3822; x_wconf 87' lang='lat' dir='ltr'>cymbis</span> <span class='ocrx_word' id='word_1_205' title='bbox 1090 3741 1179 3800; x_wconf 85' lang='lat' dir='ltr'>inter</span> <span class='ocrx_word' id='word_1_206' title='bbox 1191 3740 1243 3798; x_wconf 79' lang='lat' dir='ltr'>ci-</span> 
     </span>
     <span class='ocr_line' id='line_1_31' title="bbox 257 3831 1243 3926; baseline -0.002 -24"><span class='ocrx_word' id='word_1_207' title='bbox 257 3843 372 3902; x_wconf 83' lang='lat' dir='ltr'>vitates</span> <span class='ocrx_word' id='word_1_208' title='bbox 381 3836 859 3926; x_wconf 74' lang='lat' dir='ltr'>TuscorumqueRbodiorum</span> <span class='ocrx_word' id='word_1_209' title='bbox 872 3841 997 3904; x_wconf 85' lang='lat' dir='ltr'>victum</span> <span class='ocrx_word' id='word_1_210' title='bbox 1011 3835 1157 3900; x_wconf 87' lang='lat' dir='ltr'>studiose</span> <span class='ocrx_word' id='word_1_211' title='bbox 1170 3831 1243 3900; x_wconf 82' lang='lat' dir='ltr'>fre-</span> 
     </span>
     <span class='ocr_line' id='line_1_32' title="bbox 259 3931 1243 4026; baseline -0.001 -24"><span class='ocrx_word' id='word_1_212' title='bbox 259 3947 426 4026; x_wconf 85' lang='lat' dir='ltr'>quentant.</span> <span class='ocrx_word' id='word_1_213' title='bbox 469 3936 527 4004; x_wconf 81' lang='lat' dir='ltr'>Ad</span> <span class='ocrx_word' id='word_1_214' title='bbox 550 3937 726 4006; x_wconf 73' lang='lat' dir='ltr'>meridiem</span> <span class='ocrx_word' id='word_1_215' title='bbox 737 3931 1035 4026; x_wconf 85' lang='lat' dir='ltr'>denique-scopuli</span> <span class='ocrx_word' id='word_1_216' title='bbox 1049 3933 1243 4018; x_wconf 82' lang='lat' dir='ltr'>adbaerent,</span> 
     </span>
    </p>
   </div>
   <div class='ocr_carea' id='block_1_7' title="bbox 0 0 1376 5182">
    <p class='ocr_par' dir='ltr' id='par_1_7' title="bbox 0 0 1376 5182">
     <span class='ocr_line' id='line_1_33' title="bbox 0 0 1376 5182; baseline 0 0"><span class='ocrx_word' id='word_1_217' title='bbox 0 0 1376 5182; x_wconf 95' lang='lat' dir='ltr'> </span> 
     </span>
    </p>
   </div>
  </div>
 </body>
</html>
