2764 5182
685 651 688 658 ·
742 637 776 744 ι.
803 649 867 721 ιι.

358 929 362 938 Ι
392 818 528 912 Restat
542 845 701 906 nuncut
711 853 760 903 ex
771 832 902 903 animo
915 843 1041 928 grates
1056 851 1169 927 agam
1180 850 1301 928 qnam

315 941 503 1078 plurimas
519 968 619 1040 Viris
638 965 871 1040 doctissimis
896 964 965 1066 qui
987 964 1029 1036 in
1051 963 1132 1038 hoc
1156 961 1301 1034 labore

317 1093 510 1189 benevole
538 1083 613 1175 me¹
632 1101 863 1176 adiuverunt
897 1099 1070 1173 consiliis
1096 1098 1301 1201 librisque.

317 1222 569 1312 EGermanis
593 1240 740 1336 primus
763 1235 859 1310 mihi
882 1234 1145 1309 nominandus
1162 1237 1205 1308 F.
1230 1237 1302 1308 W.

322 1373 596 1454 Clossins,V1r
608 1371 904 1466 111‚Professor
921 1390 959 1444 et
975 1369 1304 1444 Bibliothecarius

321 1486 607 1608 Tubingensis,
635 1509 745 1582 cuius
765 1510 960 1582 amicitiae
977 1506 1104 1582 debeo
1125 1506 1236 1606 quod
1257 1501 1304 1578 li

322 1641 394 1716 ber
414 1668 525 1716 meus
546 1644 737 1742 denique,
766 1669 789 1715 a
805 1644 854 1718 G.
871 1645 1087 1726 Reimemo
1114 1668 1173 1716 rer
1161 1639 1305 1715 libra-

322 1801 404 1849 rrae
419 1777 707 1854 Germanorum
722 1803 865 1877 magno
884 1777 1050 1872 decore
1074 1776 1305 1852 munificen-
1362 1773 1364 1896 l

324 1931 383 2024 ter
398 1911 616 2014 sumptibus
636 1917 818 2034 erogatis,
837 1913 969 1988 lucem
984 1918 1109 2016 possit
1128 1913 1306 2014 adspice·
1363 1901 1365 2014 l

326 2033 384 2121 re.
428 2049 587 2122 Utinam
612 2051 714 2121 etin
737 2067 940 2148 posterum
959 2069 1131 2124 amrcttra
1149 2047 1276 2142 1tla
1265 2079 1306 2132 ιιι
1364 2061 1365 2070 ³

324 2184 506 2256 Parisino
526 2182 790 2257 contubernio
805 2208 880 2283 per
899 2202 1083 2260 aestatem
1099 2201 1197 2272 1820
1218 2212 1307 2261 cum

328 2317 499 2410 Clossro,
516 2318 563 2393 V
574 2318 631 2410 S.,
660 2337 865 2397 contracta
882 2345 1038 2422 semper
1054 2321 1149 2393 mihi
1168 2322 1309 2398 floreat

327 2457 510 2554 vitaeque
533 2479 647 2527 meae
670 2479 732 2528 res
754 2458 911 2556 saepius
934 2455 1043 2532 haud
1062 2456 1184 2532 laetas
1204 2460 1311 2533 exhi

328 2588 524 2686 latescere
538 2592 696 2690 pergat!
721 2630 772 2648 --
797 2592 904 2663 Inter
917 2591 1131 2708 populares
1147 2592 1311 2670 laudan·

331 2707 371 2797 di
389 2743 429 2798 et
444 2725 675 2798 nominandi
690 2724 830 2800 mihil.
842 2728 991 2826 Caspar
1004 2723 1187 2823 Orellius‚
1214 2736 1311 2808 Pro·

329 2841 456 2936 sessor
480 2862 728 2952 Turicensis,
758 2859 1012 2936 classicanum
1033 2863 1266 2940 literarum
1255 2896 1313 2942 ιιι-

330 3014 397 3070 ter,
418 2993 608 3069 Helvetos
646 2996 832 3098 princeps
850 3086 852 3093 Ι
867 2995 973 3090 fere,
1011 2997 1313 3104 laudandusque

332 3133 381 3240 Η.
398 3111 602 3228 Meyerus,
640 3126 786 3230 aliique
815 3135 884 3232 qni
907 3130 1099 3210 librorum
1123 3144 1315 3242 excerptis

335 3287 438 3364 quos
459 3265 609 3336 Bernae
632 3266 674 3336 in
695 3259 943 3342 bibliotheca
966 3268 1127 3368 publica
1148 3299 1232 3348 non
1257 3279 1317 3348 in·

335 3395 563 3490 veniebam,
585 3396 757 3498 bemgne
772 3424 835 3474 me
851 3401 1100 3480 adruvebant
1125 3445 1181 3464 ·-
1219 3411 1318 3484 Gra-

336 3535 411 3608 tias
436 3533 579 3606 multas
608 3531 739 3606 debeo
761 3532 934 3637 dicoque
952 3541 1047 3616 Viro
1068 3541 1316 3620 'nobilissimo

337 3667 546 3743 Marchese
572 3666 754 3766 Iosepho·
779 3669 932 3754 Pacci,
966 3641 1245 3794 Florentino,
1251 3683 1319 3782 qui

338 3818 399 3876 ter
422 3819 609 3904 quaterve
634 3797 765 3876 literas
790 3827 896 3879 meas
922 3821 1011 3883 cum
1044 3787 1230 3913 quaesitis
1253 3843 1318 3892 va

340 3939 407 4014 riis
444 3937 547 4012 misit
575 3925 812 4013 Florentiam
842 3941 943 4020 Viris
978 3951 1143 4047 egregiis
1180 3948 1320 4053 quiin
