2742 5182
290 366 348 440 92-

286 569 319 624 et
330 543 512 635 Minervae,
537 557 739 645 qutprtmus
754 549 819 620 fuit
832 555 987 618 inventor
997 551 1215 634 medicinaey
1234 552 1273 619 ln

283 659 369 746 pede
381 665 490 726 etiam
509 664 631 724 montis
654 657 754 722 huius
773 654 850 720 fons
873 665 920 718 est
944 660 1002 741 qui
1025 661 1144 718 crescit
1162 666 1197 719 et
1213 655 1272 719 de-

258 778 261 786 ·
284 764 401 823 crescit
415 781 454 823 eo
468 770 623 845 tempore.
632 769 662 822 et
676 757 760 822 hora
774 757 845 833 Nili
858 757 1017 832 fluminis,
1039 757 1130 841 quod
1143 763 1273 822 mirum

282 870 343 924 est.
384 859 424 924 In
439 859 501 924 hac
517 865 626 946 itaque
639 855 766 944 Apollo
784 858 971 932 colebatur,
993 861 1109 943 inqua
1131 856 1172 920 de
1194 856 1272 920 lon-

169 1019 172 1024 ,
282 965 416 1048 ginquis
436 960 585 1046 partibus
614 958 700 1022 dona
728 958 866 1038 adeius
888 957 1054 1044 templum
1076 955 1275 1022 ferebantur.

281 1081 443 1126 unacum
457 1059 640 1146 virginibus
655 1063 940 1122 circannstantium
953 1063 1141 1141 regionum.
1162 1057 1277 1129 Cum-2

282 1182 349 1248 que
365 1166 456 1225 enim
470 1163 657 1250 Tarquinii,
678 1159 959 1237 avunculissruti,
980 1158 1108 1224 Romae
1123 1181 1273 1244 regnare,

281 1267 342 1341 tis,
363 1261 423 1324 filii
440 1263 482 1326 ad
499 1261 585 1326 hano
604 1261 748 1326 insulam
765 1259 951 1348 Apollinis,
974 1260 1013 1324 de
1027 1255 1123 1324 more
1141 1259 1275 1324 sacrifi-¹

281 1366 404 1442 catari,
427 1362 622 1426 muneribus
642 1367 886 1447 perrexissent,
908 1367 1056 1448 ipsisque
1077 1360 1274 1424 sacrificam.

279 1463 386 1542 tibus,
407 1463 550 1541 Brutus,
571 1469 628 1550 qni
650 1468 796 1526 cumeis
817 1484 912 1526 more
930 1461 1101 1536 histrionis
1118 1485 1275 1528 accesse-.

278 1575 345 1643 rat,
366 1564 574 1630 iocabundus
590 1569 790 1650 scipionem,
813 1585 879 1650 quo
898 1584 1019 1626 aurum
1036 1561 1267 1643 adscenderat,

278 1661 405 1752 (palam
427 1669 516 1728 enim
533 1670 681 1728 venerari
696 1687 823 1744 numen
836 1661 1012 1750 timebat,)
1034 1669 1098 1750 ipsi
1111 1665 1189 1728 Deo
1205 1665 1268 1728 do-

277 1776 404 1842 nasset,
427 1772 473 1829 eis
495 1764 669 1829 oraculum
689 1764 985 1849 interrogantibus:
1016 1771 1170 1851 quisnam
1189 1775 1275 1852 post,

280 1864 507 1950 Tarquinium
521 1875 718 1949 regnaturus
735 1863 978 1930 essetRomae?
1000 1865 1175 1950 respondit
1189 1889 1267 1932 ora-

278 1965 409 2029 culum:
427 1963 494 2044 Qui
510 1973 612 2028 exeis
626 1970 776 2050 primum
789 1976 930 2030 matrem
945 1966 1161 2030 oscularetur.
1186 1967 1275 2047 Quo,

278 2067 391 2134 audito
405 2065 548 2144 Brutus,
572 2073 665 2152 quasi
680 2089 763 2144 ¹casu
780 2068 954 2132 advolutus
972 2072 1007 2129 in
1025 2079 1165 2146 terram,
1191 2093 1273 2134 eam,

278 2166 445 2230 osculatus
469 2178 526 2230 est.
569 2167 668 2231 Unde
689 2179 804 2252 postea
825 2167 1003 2255 Tarquinii
1029 2169 1179 2234 filiorum
1203 2193 1265 2235 ex-

274 2267 387 2354 pulsio
403 2277 435 2332 et
448 2267 637 2330 consulatus
654 2281 850 2351 consecutus
873 2282 922 2334 est
943 2283 973 2334 et
989 2271 1132 2334 ostendit
1148 2277 1275 2356 ipsum*¹

274 2367 420 2446 Brutum
433 2364 631 2453 Apollinem
644 2369 684 2432 de
699 2380 787 2432 terra
802 2375 1142 2436 communi·omnium
1155 2383 1263 2436 matre

273 2468 486 2532 intellexisse.
530 2468 654 2532 Brutus
672 2491 809 2556 nempe,
832 2468 946 2556 fugato
963 2471 1167 2558 Tarquinio,
1187 2479 1273 2560 pri-.

238 2631 241 2634 .
273 2589 350 2632 mus
372 2569 489 2631 consul
502 2566 607 2633 factus
624 2582 680 2634 est.
725 2570 811 2635 Sunt
825 2583 936 2636 autem
951 2571 1080 2650 insulae
1095 2571 1158 2636 hae
1175 2574 1276 2648 duae·

274 2674 465 2754 contiguae,
487 2691 629 2756 quarum
643 2677 770 2751 minor,
791 2671 909 2752 Delus,
922 2683 982 2736 ‚est
993 2678 1029 2736 in
1044 2678 1186 2740 circuitu
1199 2676 1261 2744 Ν.

272 2775 347 2848 mi,
370 2771 471 2836 altera
486 2769 550 2850 X.;
573 2782 604 2834 et
619 2772 660 2835 de
679 2777 787 2839 trione
808 2773 850 2836 ad
870 2774 1044 2838 meridiem
1060 2772 1275 2862 elongantur:

273 2869 399 2936 ambae.
441 2871 545 2957 Igitur
565 2877 601 2936 in
620 2873 726 2951 Delo,
747 2895 855 2960 prope
877 2875 958 2938 olim
979 2875 1144 2960 templum
1161 2889 1261 2942 vetu-

271 2981 378 3050 stum,
407 2976 443 3034 in
465 2973 582 3057 plano,
611 2985 846 3059 praeparatum
867 2975 1102 3042 columnarum
1126 2977 1259 3046 idolum

270 3071 440 3152 videmus,
465 3073 554 3157 quod
567 3078 603 3134 in
616 3083 706 3136 tama
718 3075 944 3158 magnitudine
953 3083 1050 3154 iacet,
1073 3078 1164 3164 quod
1177 3081 1259 3144 nul-

270 3169 305 3233 lo
319 3171 422 3234 modo
437 3192 509 3247 nos,
533 3177 590 3257 qui
605 3172 699 3235 mille
711 3171 848 3254 fuimus,
872 3183 999 3262 erigere
1011 3184 1184 3264 potuimus
1200 3203 1259 3244 ar-

270 3276 437 3356 gumentis
451 3271 631 3336 rudentum
645 3274 825 3358 galearum,
835 3279 894 3341 sed
909 3280 1061 3342 ad-suum
1074 3283 1257 3364 pristinum

272 3370 459 3434 dimisimus
476 3371 599 3436 locum.
628 3371 770 3460 Insuper
784 3375 954 3444 hincinde
968 3379 1161 3466 plusquam
1175 3381 1258 3446 mil-

269 3470 302 3556 le
326 3471 494 3536 idolorum
512 3479 676 3538 omnium
699 3484 888 3562 magisterio
915 3480 1083 3568 laudabili·
1100 3480 1258 3546 sidentur

269 3584 487 3660 prosternata.
510 3598 553 3624 -“
593 3572 710 3641 Altera
730 3578 1066 3664 demquehumilibus
1081 3583 1255 3646 montibus
1353 3615 1354 3650 i

246 3701 249 3708 ·
271 3673 423 3738 cultivate
443 3685 528 3752 erat,
551 3685 582 3738 et
594 3698 656 3762 per
670 3699 743 3742 eam
758 3678 973 3746 habitationes
989 3682 1135 3749 infinitae
1150 3704 1254 3768 para-

269 3773 407 3860 bantur,
422 3799 572 3864 ¹quarum
584 3788 764 3865 portaeque
779 3779 941 3848 fenestrae
955 3805 1070 3860 versus
1084 3785 1254 3871 templum
