2742 5182
972 440 1022 512 97

522 537 528 562 Ι

50 655 135 700 scam
147 634 183 698 ia
194 627 282 699 hano
295 629 482 699 Adi-ianam
497 630 672 720 reliquisse
687 631 848 714 insulam,
868 633 942 700 ideo
955 655 1021 722 po-

49 743 107 799 tius
121 733 175 798 hio
197 730 284 796 lianc
303 754 394 819 pono
409 733 598 810 historiam,
621 757 700 798 cum
713 741 775 799 iter
789 742 830 800 sit
841 742 952 823 potius
968 737 1021 800 vel

48 841 159 900 rectius
179 839 380 918 navigationi
394 832 606 898 Athenarum
625 858 725 922 quam
740 833 842 916 Chi0;
865 837 953 916 salta
969 848 1021 900 ta-

48 959 117 1002 men
131 938 321 998 aucton'tate
338 933 514 1006 Nasonis,
530 939 586 1020 qui
599 941 695 1020 ponit
707 941 743 998 in
757 935 842 1000 Chio
855 935 920 1000 hoo
935 936 1021 1001 fuis-

48 1060 79 1100 se
100 1035 232 1100 iactum.
274 1032 356 1096 Post
378 1046 487 1098 autem
515 1056 685 1098 recessum
707 1035 831 1099 Thesei
851 1036 1019 1118 Bacchus,

47 1144 137 1200 totius
149 1135 251 1198 huius
264 1135 394 1200 insulae
407 1137 493 1213 darn,
517 1133 803 1222 comprehendens
823 1143 976 1222 astutiam
987 1151 1020 1203 et
1095 1189 1098 1200 .

47 1243 186 1322 iniquam
198 1236 428 1322 deceptionem
441 1241 523 1298 tanti
536 1239 681 1312 iuvenis,
702 1237 929 1302 misericordia
943 1261 1020 1303 mo-

46 1347 109 1412 tus,
136 1335 296 1421 puellam·
311 1337 576 1414 circumibant,
605 1347 653 1413 et,
682 1359 885 1422 cognoscens
910 1345 1018 1424 ipsam

46 1432 108 1499 esse
121 1437 225 1500 filiam
241 1441 327 1522 regis
342 1436 552 1501 Cretensium
575 1449 605 1500 et
620 1436 797 1524 Pasiphae,
820 1443 856 1501 in
875 1461 1018 1505 uxorem

45 1545 174 1623 accepit,
199 1536 421 1601 etVulcanus
446 1539 476 1600 ci
498 1559 658 1602 eoronam
677 1543 817 1622 geminis
838 1537 1018 1624 splenden-

44 1639 123 1701 tibus
137 1639 280 1715 donavit,
299 1661 399 1725 quam
414 1643 501 1702 inter
514 1638 622 1712 sidera
635 1637 816 1701 collocarit.
838 1673 881 1690 ι·-
906 1638 1017 1704 Etiam

47 1761 117 1802 cum
136 1746 171 1804 in
190 1738 255 1802 hac
275 1740 385 1803 insula
403 1740 529 1826 Iupiter
548 1739 703 1803 adversus
719 1738 858 1802 Titanos
879 1737 1018 1826 profici·

45 1851 199 1919 senetur,
223 1851 255 1903 et
278 1845 314 1904 in
336 1841 432 1903 litore
461 1839 660 1904 sacrificium
679 1837 819 1916 iaceret,
849 1839 958 1926 aquila
980 1845 1017 1906 in

43 1945 269 2024 auspicium'ei
287 1939 465 2018 advolavit,
486 1938 806 2026 quamriotorbouo
828 1945 938 2002 omine
960 1964 1017 2005 ao-

43 2051 162 2124 ceptam
191 2063 271 2104 suae
299 2040 420 2102 tutelae
451 2041 646 2124 subiugavit.
702 2041 746 2102 Et
766 2050 917 2124 tempore
937 2041 1016 2105 belli

47 2139 177 2204 Troiani
199 2141 319 2204 Peleus
340 2140 395 2204 fiio
416 2141 656 2204 dominabatur.
694 2187 697 2196 ,
721 2141 802 2204 Erat
824 2145 914 2207 enim
936 2151 1016 2204 tunc

44 2247 193 2328 temporis
216 2241 359 2306 habitata
371 2247 487 2319 uanis,
507 2251 538 2304 et
551 2252 640 2304 tanta
654 2239 830 2304 multitudo
847 2245 1018 2306 virorum-

46 2364 102 2426 que
118 2343 301 2406 mulierum
321 2349 503 2421 exstiterat,
526 2342 617 2430 quod
635 2339 720 2404 nihil
740 2346 775 2404 in
794 2363 832 2404 ea
850 2339 1032 2408 incultum

44 2443 215 2507 videbatur.
258 2445 362 2507 Nunc
381 2437 491 2508 atatem
510 2447 695 2528 peripsam
714 2440 866 2504 bubones
884 2441 1015 2506 ululare

45 2562 106 2606 non
120 2523 296 2623 desidunt,
318 2556 350 2609 et
371 2543 525 2608 animalia
541 2541 702 2606 indomita
717 2547 906 2630 campisque
920 2542 1014 2607 vallis
1106 2563 1109 2570 ⁴

45 2640 198 2707 habentur
217 2643 342 2734 ubique
358 2669 437 2709 curn
452 2639 678 2708 coturnicibus
692 2665 769 2706 uua.
812 2643 880 2706 Hic
894 2665 1015 2707 nume-

45 2765 113 2807 rum
136 2766 297 2830 magnum
321 2751 432 2833 reperi
450 2743 631 2808 mulierum
650 2737 750 2829 quae,
785 2744 905 2829 copula
923 2739 1015 2808 viro-

46 2865 114 2908 rum
134 2848 299 2924 carentes,
321 2868 428 2933 usque
451 2847 493 2908 ad
515 2845 715 2928 decrepitam
736 2854 874 2906 aetatem
893 2849 929 2906 in
944 2851 1015 2909 nir⁴

45 2951 168 3029 ginitate
189 2948 351 3024 resident,
374 2968 445 3009 non
463 2944 536 3007 zelo
556 2947 756 3006 constantiae
775 2949 927 3019 meritae,
955 2947 1014 3010 sed

47 3067 83 3108 ex
107 3044 237 3110 defectu
259 3045 453 3122 hominnm,
487 3043 590 3108 finem
617 3043 786 3129 complent
809 3045 1014 3128 virginalem.

46 3143 133 3210 Vena
149 3152 223 3210 auri
239 3141 275 3209 in
288 3147 452 3233 aliquibus
467 3151 634 3209 invenitur
648 3145 813 3231 partibus,
836 3167 936 3231 quarn
954 3145 1016 3208 do-

45 3251 120 3310 mini
135 3247 177 3310 ob
193 3245 359 3311 defectum
371 3247 504 3312 artificis
518 3251 674 3309 intactam
687 3244 863 3310 dimittunt.
907 3245 1015 3312 Oum-

46 3369 103 3434 que
118 3347 155 3411 ad
175 3347 353 3412 occiduum
366 3355 518 3428 verteris,
539 3349 702 3435 templum
718 3345 934 3432 magnificum
948 3355 1015 3413 cri<

46 3447 189 3530 gebatur,
212 3453 247 3512 in
262 3471 328 3536 quo
344 3459 448 3514 statua
462 3449 631 3538 Apollinis
651 3444 857 3512 consistebat.
899 3447 1015 3536 Ibique

45 3567 143 3634 prope
162 3550 343 3613 salinarum
357 3551 515 3636 panditur
533 3551 627 3614 locus
647 3561 678 3613 et
692 3553 794 3612 turris
810 3549 918 3618 diruta
932 3572 1014 3612 con-

46 3653 242 3714 terminatur.
284 3647 376 3712 infra
394 3651 535 3736 denique
549 3659 679 3714 montes
696 3649 790 3714 vallis
812 3647 1014 3715 fertilissima

46 3757 103 3826 est,
127 3749 311 3815 Dormille
325 3749 425 3828 dicta,
449 3757 541 3816 ouius
562 3758 599 3815 in
614 3755 754 3815 circuitu
767 3749 929 3836 Aperato
947 3756 1014 3815 eri·

46 3852 128 3930 gitur
143 3851 321 3936 oppidum,
343 3862 374 3914 at
385 3859 624 3918 monasterium
633 3864 734 3938 atque
753 3851 923 3914 castellum
936 3849 1015 3918 Au·

46 3951 107 4014 stri
119 3973 185 4018 una
199 3957 235 4018 in
250 3952 353 4018 altum
367 3952 586 4037 dimittemus,
609 3966 640 4021 et
655 3976 717 4044 per
731 3951 850 4018 vallem
862 3949 1015 4032 fructife-¹

777 4051 812 4116 G
