2742 5182
331 619 693 701 semimutilatam,
717 628 749 685 et
769 615 936 688 foeminae
961 639 1040 684 eum
1059 617 1182 688 brodio
1205 623 1325 690 asiime

329 735 363 788 et
376 721 565 810 oumadipe
580 731 762 806 ungantur.
804 721 915 786 Etiam
928 726 965 786 in
981 721 1199 796 cicatricibus,
1216 725 1324 804 velet,

329 835 362 888 et
381 823 527 889 medulla
546 828 674 886 ossium
694 827 874 886 innervis.
895 857 938 874 -
981 820 1094 888 Semel
1117 824 1229 890 Turei
1250 825 1323 892 hue

327 921 513 1000 Venientes,
535 928 628 988 navis
647 922 861 1007 naufragium
880 923 1027 1010 pertulit.
1074 923 1154 990 Hoo
1175 927 1323 992 audien-

326 1037 377 1092 tes
397 1025 521 1090 Cretici
536 1029 601 1088 cito
621 1023 664 1088 ad
678 1021 804 1087 inferos
820 1027 868 1086 eis
884 1028 973 1086 viam
991 1045 1162 1112 paravere.
1204 1028 1322 1094 Etiam

328 1129 422 1192 natis
439 1129 477 1188 in
499 1135 693 1210 tempestate
713 1129 821 1188 noetis
840 1128 876 1186 in
899 1122 986 1189 harro
1003 1131 1072 1188 ruit
1093 1127 1263 1208 insulam,
1283 1135 1321 1196 in

328 1245 395 1314 qua
409 1235 529 1290 nautae
543 1235 657 1288 octava
670 1225 723 1288 die
736 1246 806 1290 una
817 1228 853 1286 in
866 1223 1004 1302 tabulis,
1026 1231 1093 1290 iem
1107 1225 1148 1292 ab
1163 1234 1214 1292 eis
1233 1253 1322 1294 oon·

299 1341 301 1348 '
325 1331 426 1412 gestis
443 1335 601 1402 natantes,
617 1335 734 1390 eontra
748 1324 934 1390 Chituriam
947 1329 1132 1411 perierunt,
1144 1333 1214 1392 nisi
1227 1352 1320 1395 unus

266 1441 271 1450 “
326 1427 482 1505 illorum,
505 1430 579 1514 qui,
600 1445 777 1490 remanens
792 1431 828 1490 in
845 1425 985 1513 scopulo
1006 1434 1039 1489 et
1056 1439 1172 1513 paetus
1191 1431 1321 1494 radici·
1368 1491 1369 1530 p

326 1527 391 1592 bus
416 1527 643 1614 arborumque
664 1525 847 1590 herbamm
867 1531 955 1590 cirea
971 1547 1115 1612 annum,
1135 1540 1322 1596 transeun-
1366 1547 1369 1648 p

325 1627 417 1696 tibus
431 1625 647 1710 recollectas,
669 1626 850 1694 incolumis
865 1633 977 1696 evasit.

787 1970 849 2042 11.

326 2101 471 2210 Omnia
486 2144 653 2230 quamvis,
676 2163 761 2227 quae
779 2138 834 2205 hie
848 2141 1014 2207 narranda
1027 2153 1141 2221 erunt,
1161 2149 1201 2208 in
1214 2143 1316 2223 libro,

324 2267 426 2333 quem
440 2243 481 2308 de
499 2244 608 2308 Creta
631 2249 824 2329 composui,
847 2250 915 2314 sint
928 2245 1130 2331 prolixiora,
1152 2243 1209 2308 hio
1228 2267 1315 2331 pro-

323 2356 398 2433 pter
412 2343 593 2430 legentium
609 2345 824 2410 commodum
845 2333 1011 2410 suociirete
1027 2350 1063 2408 in
1080 2346 1189 2410 tribus
1205 2351 1315 2432 parti-

323 2447 387 2510 bus
406 2445 549 2510 insulam
573 2445 660 2510 clare
683 2445 836 2530 dividam.
881 2445 974 2525 Quae
992 2450 1092 2509 estin
1106 2448 1220 2511 medio
1236 2470 1314 2510 me-

203 2538 207 2550 ’
324 2551 371 2614 dii
390 2541 533 2613 terrariei
546 2552 647 2620 maris
667 2551 791 2632 posite,
812 2531 949 2632 fereque
966 2546 1005 2610 ab
1027 2544 1184 2610 omnibus
1204 2551 1315 2631 parti-

321 2651 385 2716 bus
399 2652 567 2714 montium
588 2645 791 2714 circumdate
811 2659 843 2712 et
861 2648 1011 2734 undique
1025 2670 1044 2711 a
1059 2651 1165 2712 ventis
1181 2652 1314 2731 agitato.
1367 2691 1368 2710 r

321 2751 377 2820 De
393 2755 520 2816 oriente
534 2749 576 2812 od
592 2750 770 2814 occiduum
786 2749 856 2814 CC.
870 2760 902 2814 et
915 2746 1036 2812 XXX.
1048 2753 1106 2812 mi.
1123 2759 1156 2813 et
1176 2754 1213 2812 in
1232 2748 1313 2813 lati·

320 2853 437 2918 tudine
455 2845 611 2916 XXXV.
636 2852 757 2915 distttre
776 2851 917 2916 videtur.
960 2845 1018 2911 Ad
1041 2855 1204 2914 orientem
1226 2850 1313 2915 Sat-

321 2977 408 3021 mon
428 2973 545 3027 mons,
581 2957 640 3037 qui
664 2951 706 3014 ad
732 2951 877 3015 insulam
905 2950 1085 3035 carpenti
1108 2961 1313 3037 prospectat.
1367 3011 1368 3044 p

319 3055 379 3120 Ad
392 3052 570 3118 occiduum
584 3073 682 3114 mons
697 3051 847 3135 Coryois
860 3051 1006 3115 elevatur
1019 3055 1077 3135 qui
1092 3049 1134 3113 ad
1144 3050 1313 3118 Maleum

319 3158 456 3240 respicit
473 3157 753 3238 promontorium.
794 3150 872 3216 Fuit
895 3161 1007 3215 autem
1028 3173 1047 3214 a
1068 3147 1139 3214 filio
1159 3151 1193 3214 N
1197 3152 1313 3232 ebrot,

321 3256 453 3326 Croto,
482 3259 586 3318 Creta
607 3252 711 3330 dicta,
732 3253 786 3318 vel
808 3257 885 3340 quia
908 3263 996 3317 terra
1016 3249 1098 3316 haec
1124 3252 1313 3322 admodum

318 3367 425 3422 terrae
438 3358 563 3420 tenacis
586 3364 617 3416 et
638 3353 731 3418 albae
751 3375 877 3418 nomen
892 3357 1026 3439 accepit.
1069 3352 1198 3417 Habuit
1217 3362 1312 3424 enim

316 3468 454 3522 eentum
478 3459 641 3531 oivimtes,
671 3475 815 3542 quarum
836 3459 973 3538 vestigia
996 3455 1038 3518 ad
1062 3462 1314 3542 sexagesimum

318 3562 440 3634 accessi
454 3575 644 3620 numerum.
686 3555 804 3641 Inque
818 3553 991 3631 Satninus,
1013 3577 1114 3640 sagax
1128 3568 1160 3619 et
1172 3568 1309 3643 potens,

316 3670 355 3724 ut
367 3658 465 3737 dixit,
487 3655 576 3720 filius
590 3654 714 3734 Urani,
737 3661 786 3719 i.e
800 3653 911 3733 Coeli,
934 3666 966 3720 et
979 3655 1117 3735 Vestae,
1137 3662 1160 3722 i.
1171 3680 1199 3722 e.
1216 3657 1312 3722 Ter-

220 3787 223 3794 ·
315 3781 382 3838 rae,
405 3771 475 3824 erat
490 3769 523 3822 et
536 3758 578 3821 ad
588 3757 654 3820 Dei
668 3755 919 3820 similitudinem
933 3778 968 3820 se
983 3755 1062 3822 feeit
1079 3781 1185 3823 orare.
1230 3758 1309 3846 Ipse

316 3867 405 3928 enim
425 3867 520 3947 prius
544 3881 620 3923 aera
641 3864 782 3944 signavit
802 3867 980 3922 et.nomen
999 3863 1104 3944 ipsius
1127 3867 1309 3946 apposuit3

312 3965 446 4046 ignaros
463 3981 541 4028 arva
560 3959 670 4028 colere
684 3961 812 4043 docuit,
834 3966 868 4024 et
882 3964 1009 4027 semina
1023 3965 1110 4047 agris
1125 3965 1310 4050 imponere
