2728 5186
285 441 362 520 224

327 596 536 747 petreium]
585 637 700 715 Barsa,
725 637 851 716 Bossia,
880 650 1066 724 corruptum
1090 665 1130 706 ex
1152 645 1274 726 Prusa,

371 747 493 808 Brasos.
536 741 1017 823 Mannert's.1.p.555-557.

329 853 548 929 imperator
573 871 617 886 -·
649 839 825 923 resedit]
893 843 1146 908 enumerare
1180 845 1219 910 T.
1239 867 1274 910 2.

369 967 556 1031 p·190,91·

668 1057 876 1076 ,Ἀ

749 1208 802 1275 65.

282 1339 356 1420 Peg.
379 1357 448 1398 121.
484 1334 520 1396 In
541 1333 782 1396 commentanda
804 1332 864 1394 hac
885 1332 979 1394 Urbis
1000 1330 1272 1418 Constantinopo-

368 1440 433 1501 laos
450 1439 659 1518 descriptione
680 1437 723 1496 ita
737 1455 806 1495 som
822 1444 982 1512 versatus,
1004 1445 1041 1496 ut
1054 1439 1198 1515 primum
1212 1459 1273 1498 ex-

366 1543 492 1603 hibeam
507 1539 630 1600 Lectori
652 1539 770 1616 Gangis'
789 1557 819 1597 v.
836 1556 859 1594 s.
875 1544 966 1595 notas
989 1556 1098 1597 omnes
1116 1539 1271 1620 integras,

369 1645 547 1722 desumptas
567 1661 583 1700 e
599 1639 688 1700 Notis
704 1640 738 1697 in
754 1637 820 1696 ioh.
835 1634 980 1695 Cinnami
994 1636 1032 1696 de
1048 1637 1153 1700 Rebus
1174 1643 1272 1720 gestis

368 1767 386 1806 a
409 1745 473 1805 ioh.
487 1753 519 1803 et
533 1740 675 1801 Menuele
690 1737 858 1799 Comnenis
876 1738 931 1796 lib.
946 1735 997 1798 vl.
1017 1742 1176 1818 gr.-lat.
1196 1763 1272 1802 cum

369 1847 453 1908 notis
467 1845 535 1906 Cor.
545 1843 700 1903 Duiresne
714 1841 757 1900 du
771 1837 884 1918 Gange.
906 1838 1045 1916 Parisiis,
1064 1844 1149 1922 typis
1164 1845 1274 1922 regiis,

373 1948 462 2028 1670.
478 1947 534 2007 tol.
552 1945 607 2005 ubi
623 1965 653 2024 p.
663 1957 769 2024 179-
782 1945 852 2004 181.
868 1951 974 2004 textus
988 1943 1083 2004 huius
1096 1944 1272 2021 fragmenti

368 2050 444 2110 libri
459 2049 569 2122 nostri,
589 2055 622 2105 et
634 2065 665 2125 p.
675 2047 785 2104 182—-
796 2046 866 2124 187.
879 2053 973 2104 notae
987 2045 1201 2126 amplissimae
1215 2054 1270 2124 ty-

369 2152 417 2231 pis
432 2169 564 2211 excusae
578 2152 730 2226 prostant.
751 2143 791 2204 Et
804 2145 880 2204 hnic
894 2145 1086 2225 amplissimo
1097 2143 1269 2206 Commen-

367 2252 449 2312 tario
471 2249 552 2309 nihil
575 2268 631 2326 ego
651 2266 669 2304 e
689 2245 822 2324 penuria
844 2267 912 2307 meo
933 2247 1041 2308 addidi
1067 2229 1268 2326 nisi'passim
1356 2235 1357 2278 ³

367 2352 571 2414 excitationes
590 2349 666 2409 libri
686 2347 859 2408 doctissimi
882 2349 1020 2434 eiusdem
1038 2347 1149 2430 Congii
1168 2346 1268 2427 (Con-

293 2475 302 2492 ⁶
368 2449 590 2531 stantinopolis
609 2439 796 2534 christiana)
812 2470 904 2528 quam
924 2452 983 2511 sub
1001 2450 1078 2530 siglo
1099 2451 1131 2509 0.
1147 2452 1269 2513 P.cl1·r.

367 2553 511 2628 laudavi,
533 2553 671 2628 itemque
685 2550 868 2610 collationes
883 2553 1032 2630 quasdam
1046 2571 1062 2610 e
1075 2549 1158 2610 libro
1170 2551 1269 2612 Haun-v

291 2713 297 2724 ,
368 2656 463 2732 meri,
485 2653 578 2714 modo
598 2653 714 2732 pand,
733 2651 772 2710 ad
790 2651 863 2730 Cap.
873 2651 923 2713 64.
938 2653 1083 2726 laudato,
1105 2654 1165 2712 sub
1186 2654 1266 2734 siglo

367 2762 521 2820 Ilammer
539 2755 572 2814 C.
583 2756 622 2814 P.
664 2751 851 2814 Sedtenuia
867 2774 997 2834 eaquae
1016 2753 1157 2833 adspersi
1178 2755 1268 2817 litte·

365 2883 403 2923 ra
417 2860 440 2917 S
458 2879 475 2917 a
490 2854 654 2934 Congianis
672 2853 807 2913 discrevi
828 2865 860 2915 et
876 2855 1001 2915 uncinis
1016 2855 1143 2915 inclusi.

274 2977 277 2984 ·
297 3015 301 3022 .
414 2955 553 3020 Secundo
570 2956 638 3014 loco
653 2963 757 3014 autem
773 2965 843 3034 post
857 2955 967 3036 Congii
983 2965 1074 3016 notas
1090 2958 1124 3016 in
1140 2978 1192 3016 res
1208 2956 1268 3018 das

366 3082 436 3126 mus
452 3058 640 3123 Varietatem
654 3056 796 3116 lectionis
811 3077 828 3116 e
844 3056 939 3117 codd.
954 3077 1031 3136 quos
1045 3059 1193 3118 conferre
1207 3079 1269 3138 po-

367 3165 502 3234 tuimus,
527 3168 559 3218 ct
582 3159 629 3218 ita
651 3155 919 3220 commentarium
945 3158 1064 3222 realem
1093 3170 1269 3240 sequentur

374 3261 753 3326 criticaeannotetiones.
1171 3241 1177 3254 κ
