2738 5184
287 465 362 540 174

372 687 429 748 pcr
447 665 652 764 habitationes.
697 663 745 727 Nc
764 663 820 747 pih
843 665 956 728 alcuuo
971 665 1013 727 ha
1035 667 1141 729 ardito
1163 670 1197 732 di
1218 671 1276 733 hai

368 766 519 829 bitarla.“

327 891 413 931 eum
434 863 551 950 igne]
594 867 648 928 Sic
664 867 762 928 codd.
803 866 866 929 sed
883 866 905 928 l.
918 890 999 929 cum.

326 973 439 1031 euris
459 999 499 1016 -··
524 957 632 1052 ruit]
675 971 711 1030 A.
726 989 849 1042 aurem,
870 980 902 1031 ct
922 972 1010 1034 <locst
1028 975 1107 1032 ruit.

326 1067 483 1152 redire]
533 1070 728 1131 uramenta.
816 1143 821 1154 ¹

675 1225 886 1245 Q

749 1354 803 1419 tt.
905 1371 910 1384 ·

326 1477 526 1558 Polimio]
570 1475 670 1538 llotlic
685 1478 819 1552 Polion,
838 1488 871 1540 ct
889 1478 935 1540 sio
955 1479 984 1540 1⁸⁶
1005 1478 1027 1538 l.

324 1574 480 1659 verum]
524 1575 643 1639 (laed.

324 1679 551 1758 nemorosa]
595 1682 624 1742 1⁰
643 1684 665 1744 l.
683 1703 850 1743 nemoroso·

323 1782 648 1865 manifestatur]
694 1785 833 1847 lusulam
848 1803 922 1865 crgo
940 1784 1008 1864 ipsc
1029 1802 1098 1845 uon
1117 1783 1271 1846 lustravit

366 1883 569 1963 permeando.

322 1981 588 2066 accederent]
633 1987 665 2048 C.
680 1987 849 2048 accederet.

321 2087 491 2146 Boream
513 2085 702 2168 emissus]
746 2091 922 2150 membrum
936 2085 1103 2150 disiectum
1116 2091 1242 2171 po‘e‘tae.

324 2185 522 2264 inimum]
567 2188 765 2252 C.deestiu.

279 2288 353 2371 Pag.
368 2291 419 2351 81.
436 2289 650 2371 soloduri]
695 2290 880 2370 A.falcom'.

744 2573 797 2641 os.
819 2661 823 2668 ι

319 2696 594 2778 Ariatotilas]
659 2698 713 2758 Sic
735 2698 833 2760 Codd.
854 2719 895 2760 ex
916 2697 1065 2759 ltalismo.
1127 2697 1214 2762 llaec
1235 2711 1266 2763 et

299 2782 302 2792 ³
362 2821 442 2880 quac
464 2809 640 2880 sequuntur
661 2802 928 2882 sat-negliganter
948 2823 965 2863 o
983 2801 1085 2861 Plinio
1100 2800 1267 2883 decerpta,

361 2902 592 2983 quirinalis.
610 2922 636 2961 c.
649 2921 697 2978 12,
718 2894 797 2982 §23
812 2905 873 2962 sic:
896 2901 1022 2978 „Melos
1044 2923 1115 2962 cum
1137 2905 1267 2985 oppido,

360 3024 454 3084 quam
468 3003 617 3064 Aristides
632 3005 764 3084 Byblida
779 3003 924 3084 appellat,
941 3003 1124 3064 Aristotelea
1139 3005 1267 3086 Zephy-

358 3107 457 3180 riam,
481 3103 689 3164 Callimachus
702 3105 890 3182 Mimallida,
912 3104 1091 3166 llcraclides
1105 3105 1265 3187 Siphnum

360 3201 397 3286 (1.
414 3204 538 3285 Siphim
562 3227 579 3266 c
602 3205 698 3266 codd.
721 3226 752 3266 v.
767 3206 921 3269 Harduiu.
943 3205 1026 3284 not.)
1049 3216 1081 3266 et
1101 3205 1265 3287 hoylon.“

358 3306 408 3369 Ex
422 3307 472 3366 his
489 3315 521 3366 ct
540 3307 611 3366 aliis
627 3328 724 3386 arguo
744 3317 890 3368 nostrum
907 3309 1036 3368 omnino
1052 3328 1092 3367 cx
1111 3311 1264 3370 memoria

357 3416 501 3469 auctores
530 3407 672 3469 laudasse
699 3419 747 3471 sat
774 3410 968 3492 negligenter
995 3409 1123 3490 quidem
1151 3399 1263 3490 p'rosac

358 3510 545 3590 scriptores,
566 3511 621 3571 aed
643 3513 821 3574 accuratius
842 3513 966 3592 politas,
995 3511 1070 3590 quia
1090 3531 1203 3571 versus
1223 3514 1263 3574 ob

356 3612 545 3692 rhythmum
568 3613 681 3674 melius
703 3611 877 3674 haerebant
897 3614 1058 3673 memoria.
1102 3611 1168 3672 Csr.
1183 3633 1263 3692 quae

357 3713 469 3775 dehac
486 3716 611 3776 turbata
627 3715 761 3788 aliorum
774 3715 844 3775 loca
863 3715 897 3772 iu
917 3714 1035 3793 scripta
1049 3714 1264 3774 transferendi

357 3816 482 3877 rationo
499 3817 624 3876 monuit
639 3815 671 3875 C.
687 3815 721 3876 B.
734 3813 837 3892 Hace,
858 3816 910 3876 vir
925 3815 1082 3894 egregius,
1103 3815 1138 3874 in
1151 3815 1264 3876 Prolo-

357 3939 396 3996 go
418 3918 452 3976 in
478 3917 501 3976 Ι.
515 3917 635 3997 Lydum
657 3915 705 3974 Dc
731 3916 867 3998 magistr.
888 3937 968 3977 rom.
987 3937 1052 3995 pag.
1062 3915 1142 3975 xlv.
1173 3917 1262 3980 Paris

298 4005 302 4014 ¹
361 4021 452 4079 1812.
489 4017 569 4078 llaec
583 4038 600 4078 c
615 4027 733 4096 nostro,
758 4018 866 4100 paucis
882 4019 1009 4079 mutatis
1025 4019 1094 4081 aliis
1110 4019 1143 4079 in
1161 4021 1260 4100 peius,
