2738 5184
326 441 401 518 132

787 637 850 713 78.

333 749 476 856 Coram
492 786 614 850 ducatu
627 783 840 850 Athenarum
855 777 897 844 ad
914 780 1060 844 trionem
1074 777 1226 846 Euboia
1242 778 1325 846 olim

324 912 423 954 nunc
439 889 619 978 Egrippos
639 888 848 963 nominatur,
872 902 955 970 quae
970 886 1127 966 contigua
1145 887 1325 945 continen-

330 998 373 1071 ti,
393 995 472 1079 quia
485 1011 570 1076 pons
593 993 629 1051 in
643 986 754 1050 medio
769 984 944 1070 elongatur
960 1005 1038 1048 cum
1057 992 1152 1046 turre
1165 989 1325 1047 munitis-

332 1098 433 1171 sima,
456 1090 518 1155 sub
541 1111 607 1174 qua
628 1099 696 1152 tam
716 1091 859 1172 impetus
878 1105 1042 1172 aquarum
1057 1081 1203 1146 habetur
1217 1083 1272 1146 bis
1289 1091 1324 1148 in

332 1195 386 1260 die
402 1192 493 1280 quod
508 1187 659 1255 mirabile
674 1189 789 1271 sagitta
803 1185 1012 1250 velocissima
1030 1193 1228 1271 permeatur
1247 1207 1323 1249 cum

274 1293 277 1308 '
332 1291 559 1384 profunditate
577 1294 690 1354 nimia.
732 1285 773 1350 ln
798 1290 904 1372 capite
920 1290 1032 1371 pontis
1049 1285 1222 1370 Eg1ippos
1244 1290 1324 1349 civi-

332 1406 382 1459 tas
404 1394 598 1482 ampliatur,
626 1401 659 1456 et
678 1387 796 1454 fertilis
817 1397 992 1474 reputatur
1012 1385 1220 1472 inpartibus
1243 1391 1323 1452 istis.

333 1495 446 1576 Quam
466 1491 635 1581 Nauplas
653 1487 864 1579 possidebat,
888 1498 921 1553 et
941 1509 1004 1576 pro
1024 1485 1171 1551 vindicta
1190 1486 1253 1551 lilii
1275 1493 1323 1552 sui

333 1594 531 1672 Palamedis,
555 1597 613 1680 qui
626 1599 662 1656 in
675 1598 788 1656 castris
805 1594 1001 1677 principum
1015 1587 1231 1653 Graecorum
1244 1613 1324 1676 pro-

334 1697 453 1761 ditorie
481 1701 612 1758 excisus
647 1703 696 1757 est
725 1691 851 1778 Ulyxis
879 1693 1012 1768 astutia,
1051 1695 1162 1776 coepit
1189 1711 1323 1756 omnem

334 1797 515 1862 Graeciam
531 1799 673 1858 circuire
689 1803 721 1856 et
735 1791 781 1856 ibi
797 1789 1008 1856 suasionibus
1023 1796 1184 1875 coniuges
1206 1813 1322 1856 eorum

332 1904 369 1964 in
391 1897 610 1973 adulterium,
632 1915 711 1957 cum
732 1892 989 1979 quibuscunque
1005 1901 1177 1977 poterant,
1199 1890 1321 1955 exhor-

331 1998 479 2074 tabatur,
503 2005 537 2058 et
558 1999 606 2058 sio
627 1993 669 2058 ad
688 1993 868 2057 vindictam
882 1990 943 2055 filii
960 1990 1137 2057 arbitratus
1154 2003 1221 2070 est,
1247 1999 1321 2080 quia

331 2097 432 2163 multi
447 2099 617 2183 principes
641 2098 679 2156 in
695 2101 885 2159 reversione
899 2092 939 2158 ab
956 2090 1160 2157 amatoribus
1175 2117 1323 2159 uxorum

333 2217 472 2262 suarum
495 2199 597 2258 occisi
616 2205 704 2258 sunt
747 2191 847 2260 Ultra
869 2193 935 2258 hoc
953 2193 1110 2280 Nauplus
1132 2201 1168 2260 in
1190 2195 1322 2283 Capha-

332 2319 431 2364 reum
453 2295 646 2359 conscendit
665 2305 831 2373 montem,
860 2305 908 2373 et,
937 2305 1052 2373 nocte,
1075 2318 1215 2362 accensa
1236 2297 1322 2378 face,

334 2398 457 2462 Graeci
482 2395 522 2458 de
546 2395 652 2458 Troia
679 2395 874 2474 redeuntes,
903 2395 945 2459 ad
967 2395 1171 2462 evadendam
1194 2409 1323 2485 tempe-

333 2509 467 2576 statem,
490 2496 532 2560 ed
549 2500 662 2580 ignem
680 2499 717 2558 in
732 2506 871 2581 portum
886 2494 1055 2561 salubrem
1075 2499 1250 2564 eredentes
1269 2505 1322 2564 in-

332 2611 431 2677 trare,
449 2602 487 2661 in
499 2595 648 2660 letiferos
664 2595 826 2682 scopulos
835 2601 1017 2683 perierunt,
1036 2608 1068 2662 et
1082 2603 1129 2662 sic
1143 2600 1322 2666 vindictam

335 2704 422 2787 cepit
436 2698 477 2762 de
493 2708 601 2762 morte
619 2696 680 2760 filii
698 2697 894 2763 Palamedis.
938 2697 977 2762 In
996 2687 1193 2788 hac'itaque
1214 2702 1322 2768 insula

337 2799 517 2886 Orpheus,
538 2801 638 2886 po'e'ta
658 2801 901 2864 vetustissimus
922 2799 1057 2878 claruit,
1077 2807 1136 2888 qui
1152 2801 1239 2866 dixit
1252 2825 1322 2869 esse

332 2924 441 2967 unum
456 2900 572 2966 Deum
592 2921 710 2964 verum
731 2907 763 2963 et
784 2921 962 2985 magnum,
984 2904 1043 2988 qui
1064 2907 1179 2966 omnia
1196 2904 1323 2990 guber.

333 3014 406 3082 nat,
436 3012 468 3066 et
485 3002 576 3089 quod
593 3011 668 3064 ante
691 3005 804 3087 ipsum
818 2999 867 3063 nil
885 3004 928 3063 sit
945 3007 1113 3086 genitum,
1135 3014 1167 3067 et
1188 3004 1231 3068 ab
1249 3010 1322 3092 ipso

335 3109 401 3168 sint
415 3113 534 3166 cuncta
547 3111 702 3188 generata
716 3111 749 3164 et
762 3111 880 3167 creata.
927 3101 1087 3188 Gorgias
1106 3108 1222 3184 etiam,
1244 3106 1324 3194 phi-
1367 3177 1368 3182 γ

334 3201 517 3289 Iosephus,
540 3202 580 3266 de
600 3201 664 3266 hac
685 3199 751 3266 fuit
771 3201 898 3280 insula,
926 3212 960 3268 et
981 3208 1139 3289 magister
1159 3204 1325 3288 Socratis,

336 3308 394 3391 qui
407 3308 444 3368 in
455 3306 570 3366 matris
586 3299 711 3368 feretro
725 3314 839 3382 natus,
861 3303 944 3367 dum
956 3300 1128 3372 ferebatur
1146 3307 1190 3372 ad
1208 3309 1327 3396 sepul-

336 3404 472 3484 chrum,
495 3402 605 3468 sabito
625 3409 752 3488 vagitas
774 3403 912 3470 infantis
934 3405 1066 3470 auditus
1088 3419 1147 3474 est.
1195 3409 1245 3476 Et
1264 3408 1326 3474 fuit

333 3510 464 3594 primus
481 3510 636 3570 inventor
648 3501 848 3570 Rhetoricae
865 3516 898 3571 et
911 3503 1089 3594 compleuit
1108 3494 1248 3576 centum
1266 3532 1324 3574 an-

333 3628 408 3684 nos,
420 3628 483 3670 nec
496 3627 646 3694 unquam
662 3627 681 3668 a
695 3627 757 3670 suo
772 3606 881 3672 studio
897 3618 929 3672 et
943 3629 1046 3694 opere
1060 3617 1209 3677 cessavit.
1251 3611 1325 3676 Fuit

334 3712 433 3772 etiam
448 3705 645 3792 Neptunus,
665 3715 760 3792 pater
774 3705 919 3792 Naupli,
946 3706 1048 3772 huius
1063 3710 1195 3774 insulae
1215 3711 1325 3777 domi-

245 3820 250 3824 ·
333 3828 409 3869 nus.
452 3804 547 3885 Quae
566 3807 666 3892 longa
690 3807 730 3870 de
753 3813 878 3872 oriente
899 3808 942 3873 ad
963 3809 1143 3875 occiduum
1167 3809 1208 3876 C.
1221 3820 1282 3878 mi.
1294 3824 1324 3877 et

335 3903 434 3972 CCC.
452 3911 488 3971 in
513 3911 664 3980 circuitu.
706 3905 765 3976 Ad
785 3913 930 3976 trionem
957 3907 1152 4001 Caphareus
1180 3911 1323 3981 habetur
